sep=,
Account,Transaction Date,Journal Number,Transaction Type,Branch,Description,DebitAmount,CreditAmount,Narrative,BalanceAmount
1227278150,08/09/2018,15096824804,FINANCIAL,"","Randburg Wholesale Mar Randburg (Card 8018)",54.90,,"RANDBURG WHOLESALE MAR RANDBURG     ZAZA",15139.28
1227278150,09/09/2018,15107308282,FINANCIAL,"","Superspar Blackheath (Card 8018)",297.61,,"SUPERSPAR BLACKHE      BLACKHEATH   ZAZA",14841.67
1227278150,09/09/2018,15112440340,FINANCIAL,"","SMS Notification Fee",0.40,,"",14841.27
1227278150,10/09/2018,15115820274,FINANCIAL,"","Caltex Johannesburg (Card 8018)",29.50,,"CALTEX FRESH STOP      JOHANNESBURG GPZA",14811.77
1227278150,10/09/2018,15122639811,FINANCIAL,"","SMS Notification Fee",0.40,,"",14811.37
1227278150,11/09/2018,15124022703,FINANCIAL,"","Banking App Payment Telkom Sa Ltd",465.14,,"TELKOM SA LTD",14346.23
1227278150,11/09/2018,15124022705,FINANCIAL,"","Payment Fee",1.60,,"",14344.63
1227278150,11/09/2018,15124735370,FINANCIAL,"","Engen Cresta (Card 8018)",400.00,,"ENGEN WILLOWCREST F CO CRESTA         ZA",13944.63
1227278150,11/09/2018,15130577137,FINANCIAL,"","SMS Notification Fee",1.20,,"",13943.43
1227278150,12/09/2018,15132449403,FINANCIAL,"","Country Fruit/veg Johannesburg (Card 8018)",121.70,,"COUNTRY FRUIT/VEG      JOHANNESBURG GPZA",13821.73
1227278150,12/09/2018,15134906654,FINANCIAL,"","Country Fruit/veg Johannesburg (Card 8018)",186.40,,"COUNTRY FRUIT/VEG      JOHANNESBURG GPZA",13635.33
1227278150,13/09/2018,15142390631,FINANCIAL,"","Sportsmans Warehouse Blackheath (Card 8018)",129.90,,"SPORTSMANS WAREHOUSE C BLACKHEATH   ZAZA",13505.43
1227278150,14/09/2018,15154354130,FINANCIAL,"","Country Fruit/veg Johannesburg (Card 8018)",64.90,,"COUNTRY FRUIT/VEG      JOHANNESBURG GPZA",13440.53
1227278150,15/09/2018,15178168470,FINANCIAL,"","SMS Notification Fee",0.40,,"",13440.13
1227278150,17/09/2018,15190481743,FINANCIAL,"","Country Fruit/veg Johannesburg (Card 8018)",104.70,,"COUNTRY FRUIT/VEG      JOHANNESBURG GPZA",13335.43
1227278150,17/09/2018,15197969597,FINANCIAL,"","SMS Notification Fee",0.40,,"",13335.03
1227278150,18/09/2018,15206180891,FINANCIAL,"","SMS Notification Fee",0.40,,"",13334.63
1227278150,19/09/2018,15208871858,FINANCIAL,"","Caltex Johannesburg (Card 8018)",51.49,,"CALTEX FRESH STOP      JOHANNESBURG GPZA",13283.14
1227278150,19/09/2018,15208872733,FINANCIAL,"","Country Fruit/veg Johannesburg (Card 8018)",113.80,,"COUNTRY FRUIT/VEG      JOHANNESBURG GPZA",13169.34
1227278150,19/09/2018,15216171770,FINANCIAL,"","SMS Notification Fee",0.40,,"",13168.94
1227278150,20/09/2018,15218872651,FINANCIAL,"","Superspar Blackheath (Card 8018)",182.71,,"SUPERSPAR BLACKHE      BLACKHEATH   ZAZA",12986.23
1227278150,20/09/2018,15226900449,FINANCIAL,"","SMS Notification Fee",1.20,,"",12985.03
1227278150,21/09/2018,15228382752,FINANCIAL,"","Internet Banking Payment Drs. Van Rensburg",448.00,,"DRS. VAN RENSBURG",12537.03
1227278150,21/09/2018,15228382753,FINANCIAL,"","Payment Fee",1.60,,"",12535.43
1227278150,21/09/2018,15230601503,FINANCIAL,"","Online Purchase: Audible.co.uk Audible.co.uk (Card 8018)",156.27,,"Audible.co.uk          AUDIBLE.CO.UKGBGB",12379.16
1227278150,21/09/2018,15231011082,FINANCIAL,"","Country Fruit/veg Johannesburg (Card 8018)",249.10,,"COUNTRY FRUIT/VEG      JOHANNESBURG GPZA",12130.06
1227278150,21/09/2018,15231194627,FINANCIAL,"","Icarus Mt (pty) Ltd Johannesburg (Card 8018)",495.00,,"ICARUS MT (PTY) LTD    JOHANNESBURG GPZA",11635.06
1227278150,21/09/2018,15239048216,FINANCIAL,"","Payment Received: Salary Wages Transfer 1328940197",,42383.28,"SALARY WAGES                  TRANSFER  1328940197",54018.34
1227278150,21/09/2018,15241467974,FINANCIAL,"","SMS Notification Fee",0.80,,"",54017.54
1227278150,22/09/2018,15243482528,FINANCIAL,"","Internet Banking Payment Drs. Van Rendsburg",448.00,,"DRS. VAN RENDSBURG",53569.54
1227278150,22/09/2018,15243482529,FINANCIAL,"","Payment Fee",1.60,,"",53567.94
1227278150,22/09/2018,15244835894,FINANCIAL,"","Caltex Randburg (Card 8018)",400.00,,"CALTEX RABIE           RANDBURG     ZAZA",53167.94
1227278150,22/09/2018,15249236918,FINANCIAL,"","ATM Cash Withdrawal Spar Steves (Card 8018)",550.00,,"SPAR STEVES            ROODEPOORT   GPZA",52617.94
1227278150,22/09/2018,15249236921,FINANCIAL,"","Cash Withdrawal Fee (ATM)",8.83,,"",52609.11
1227278150,22/09/2018,15253755013,FINANCIAL,"","SMS Notification Fee",1.60,,"",52607.51
1227278150,23/09/2018,15262349212,FINANCIAL,"","SMS Notification Fee",0.80,,"",52606.71
1227278150,25/09/2018,15276132693,FINANCIAL,"","Sci Bono Discovery Cen Newtown (Card 8018)",144.00,,"SCI BONO DISCOVERY CEN NEWTOWN      ZAZA",52462.71
1227278150,25/09/2018,15276310251,FINANCIAL,"","Country Fruit/veg Johannesburg (Card 8018)",274.60,,"COUNTRY FRUIT/VEG      JOHANNESBURG GPZA",52188.11
1227278150,26/09/2018,15293267821,FINANCIAL,"","Toy Kingdom Cresta Johannesburg (Card 8018)",359.90,,"TOY KINGDOM CRESTA     JOHANNESBURG GPZA",51828.21
1227278150,26/09/2018,15293272825,FINANCIAL,"","Lush Fresh Handmade Co Randburg (Card 8018)",62.50,,"LUSH FRESH HANDMADE CO RANDBURG     GPZA",51765.71
1227278150,26/09/2018,15301026683,FINANCIAL,"","Payment Received: Made In Workshop Transfer 1334367331",,1855.00,"MADE IN WORKSHOP              TRANSFER  1334367331",53620.71
1227278150,26/09/2018,15303365709,FINANCIAL,"","SMS Notification Fee",0.80,,"",53619.91
1227278150,27/09/2018,15309914034,FINANCIAL,"","Pick n Pay Randburg (Card 8018)",182.94,,"PNP CRESTA             RANDBURG     ZAZA",53436.97
1227278150,27/09/2018,15312358580,FINANCIAL,"","Country Fruit/veg Johannesburg (Card 8018)",129.30,,"COUNTRY FRUIT/VEG      JOHANNESBURG GPZA",53307.67
1227278150,28/09/2018,15325806969,FINANCIAL,"","Internet Banking Immediate Payment Rawson Rentals",10500.00,,"RAWSON RENTALS",42807.67
1227278150,28/09/2018,15325806976,FINANCIAL,"","Immediate Payment Fee",10.00,,"",42797.67
1227278150,28/09/2018,15325814817,FINANCIAL,"","Internet Banking Immediate Payment Randburg Medicr",1131.25,,"RANDBURG MEDICR",41666.42
1227278150,28/09/2018,15325814821,FINANCIAL,"","Immediate Payment Fee",10.00,,"",41656.42
1227278150,28/09/2018,15330617636,FINANCIAL,"","Caltex Johannesburg (Card 8018)",29.50,,"CALTEX FRESH STOP      JOHANNESBURG GPZA",41626.92
1227278150,28/09/2018,15330619446,FINANCIAL,"","Country Fruit/veg Johannesburg (Card 8018)",96.90,,"COUNTRY FRUIT/VEG      JOHANNESBURG GPZA",41530.02
1227278150,28/09/2018,15345736788,FINANCIAL,"","Vodacom 0298360833 Qc199330 Transfer 1340531086",234.70,,"VODACOM 0298360833 QC199330   TRANSFER  1340531086",41295.32
1227278150,28/09/2018,15345736789,FINANCIAL,"","Debit Order Fee",3.73,,"",41291.59
1227278150,28/09/2018,15345736824,FINANCIAL,"","Fnb H Loan 00003000013811074bond Repay1338936723",14751.66,,"FNB H LOAN   00003000013811074BOND REPAY1338936723",26539.93
1227278150,28/09/2018,15345736829,FINANCIAL,"","Debit Order Fee",3.73,,"",26536.20
1227278150,28/09/2018,15347817261,FINANCIAL,"","SMS Notification Fee",2.00,,"",26534.20
1227278150,29/09/2018,15355060777,FINANCIAL,"","Budget Ins 778057243 Oct Prem Ins Prem 1340760085",600.11,,"BUDGET INS 778057243 OCT PREM INS PREM  1340760085",25934.09
1227278150,29/09/2018,15355060784,FINANCIAL,"","Debit Order Fee",3.73,,"",25930.36
1227278150,29/09/2018,15370505615,FINANCIAL,"","SMS Notification Fee",0.80,,"",25929.56
1227278150,30/09/2018,15377180008,FINANCIAL,"","Superspar Blackheath (Card 8018)",133.45,,"SUPERSPAR BLACKHE      BLACKHEATH   ZAZA",25796.11
1227278150,30/09/2018,15389320082,FINANCIAL,"","Interest Received",,105.23,"",25901.34
1227278150,30/09/2018,15389320083,FINANCIAL,"","SMS Notification Fee",0.80,,"",25900.54
1227278150,30/09/2018,15389320084,FINANCIAL,"","Monthly Account Admin Fee",5.80,,"",25894.74
1227278150,01/10/2018,15413595780,FINANCIAL,"","Liberty050 0024624865 52553ins Prem 1338623223",1682.94,,"LIBERTY050 0024624865    52553INS PREM  1338623223",24211.80
1227278150,01/10/2018,15413595782,FINANCIAL,"","Debit Order Fee",3.73,,"",24208.07
1227278150,01/10/2018,15413595854,FINANCIAL,"","Liblife 01oct59009635400c/pins Prem 1338582007",427.66,,"LIBLIFE    01OCT59009635400C/PINS PREM  1338582007",23780.41
1227278150,01/10/2018,15413595855,FINANCIAL,"","Debit Order Fee",3.73,,"",23776.68
1227278150,01/10/2018,15413595920,FINANCIAL,"","Adt Jhb 2103355799adta051088acc Repay 1338769957",603.04,,"ADT JHB   2103355799ADTA051088ACC REPAY 1338769957",23173.64
1227278150,01/10/2018,15413595921,FINANCIAL,"","Debit Order Fee",3.73,,"",23169.91
1227278150,01/10/2018,15425792111,FINANCIAL,"","Outsurance Ot24363917 02372iins Prem 1342952980",1973.84,,"OUTSURANCE OT24363917   02372IINS PREM  1342952980",21196.07
1227278150,01/10/2018,15425792112,FINANCIAL,"","Debit Order Fee",3.73,,"",21192.34
1227278150,01/10/2018,15428142872,FINANCIAL,"","SMS Notification Fee",2.00,,"",21190.34
1227278150,02/10/2018,15430764675,FINANCIAL,"","Internet Banking Payment Might Wings Life Cen",540.00,,"MIGHT WINGS LIFE CEN",20650.34
1227278150,02/10/2018,15430764677,FINANCIAL,"","Payment Fee",1.60,,"",20648.74
1227278150,02/10/2018,15430764680,FINANCIAL,"","Internet Banking Payment Icarus",1200.00,,"ICARUS",19448.74
1227278150,02/10/2018,15430764681,FINANCIAL,"","Payment Fee",1.60,,"",19447.14
1227278150,02/10/2018,15433508936,FINANCIAL,"","Country Fruit/veg Johannesburg (Card 8018)",104.70,,"COUNTRY FRUIT/VEG      JOHANNESBURG GPZA",19342.44
1227278150,02/10/2018,15434880197,FINANCIAL,"","Sasol Randburg (Card 8018)",400.00,,"SASOL MALANSHOF        RANDBURG     ZAZA",18942.44
1227278150,02/10/2018,15445611528,FINANCIAL,"","SMS Notification Fee",0.80,,"",18941.64
1227278150,03/10/2018,15448925099,FINANCIAL,"","Country Fruit/veg Johannesburg (Card 8018)",136.60,,"COUNTRY FRUIT/VEG      JOHANNESBURG GPZA",18805.04
1227278150,03/10/2018,15451809987,FINANCIAL,"","Superspar Blackheath (Card 8018)",121.99,,"SUPERSPAR BLACKHE      BLACKHEATH   ZAZA",18683.05
1227278150,03/10/2018,15456544717,FINANCIAL,"","Branch Cheque Deposit",,9418.50,"00017305 JHB Cresta             Johannesburg 03ZA",28101.55
1227278150,03/10/2018,15456544720,FINANCIAL,"","Branch Cheque Deposit Fee",40.35,,"",28061.20
1227278150,03/10/2018,15461428471,FINANCIAL,"","SMS Notification Fee",0.40,,"",28060.80
1227278150,04/10/2018,15463187831,FINANCIAL,"","Banking App Payment Montessori",6875.00,,"MONTESSORI",21185.80
1227278150,04/10/2018,15463187835,FINANCIAL,"","Payment Fee",1.60,,"",21184.20
1227278150,04/10/2018,15474088292,FINANCIAL,"","SMS Notification Fee",0.40,,"",21183.80
1227278150,05/10/2018,15475851888,FINANCIAL,"","Banking App Payment City Ojoburgf Johann",3173.19,,"CITY OJOBURGF JOHANN",18010.61
1227278150,05/10/2018,15475851891,FINANCIAL,"","Payment Fee",1.60,,"",18009.01
1227278150,05/10/2018,15479171927,FINANCIAL,"","Country Fruit/veg Johannesburg (Card 8018)",99.60,,"COUNTRY FRUIT/VEG      JOHANNESBURG GPZA",17909.41
1227278150,05/10/2018,15479881382,FINANCIAL,"","ATM Cash Withdrawal Fnb Ssc Atm (Card 8018)",1000.00,,"FNB SSC ATM            Johannesburg SAZA",16909.41
1227278150,05/10/2018,15479881383,FINANCIAL,"","Cash Withdrawal Fee (ATM)",8.83,,"",16900.58
1227278150,05/10/2018,15487415199,FINANCIAL,"","Stanlib N31818040c0000718190transfer 1346301062",250.00,,"STANLIB   N31818040C0000718190TRANSFER  1346301062",16650.58
1227278150,05/10/2018,15487415200,FINANCIAL,"","Debit Order Fee",3.73,,"",16646.85
1227278150,05/10/2018,15488989784,FINANCIAL,"","SMS Notification Fee",1.20,,"",16645.65
1227278150,08/10/2018,15515530972,FINANCIAL,"","Payment Received: E018ja1400 Payment 1346557400",,19000.16,"E018JA1400                    PAYMENT   1346557400",35645.81
1227278150,08/10/2018,15521777865,FINANCIAL,"","SMS Notification Fee",0.80,,"",35645.01
1227278150,09/10/2018,15523402129,FINANCIAL,"","Internet Banking Payment Telkom Sa Ltd",481.95,,"TELKOM SA LTD",35163.06
1227278150,09/10/2018,15523402130,FINANCIAL,"","Payment Fee",1.60,,"",35161.46
1227278150,09/10/2018,15523402134,FINANCIAL,"","Internet Banking Payment Ronford Financial",9418.50,,"RONFORD FINANCIAL",25742.96
1227278150,09/10/2018,15523402136,FINANCIAL,"","Payment Fee",1.60,,"",25741.36
1227278150,09/10/2018,15523402142,FINANCIAL,"","Internet Banking Transfer to 1358638347",10000.00,,"",15741.36
1227278150,09/10/2018,15530577131,FINANCIAL,"","SMS Notification Fee",2.00,,"",15739.36
1227278150,10/10/2018,15532622866,FINANCIAL,"","Caltex Johannesburg (Card 8018)",32.50,,"CALTEX FRESH STOP      JOHANNESBURG GPZA",15706.86
1227278150,10/10/2018,15532623935,FINANCIAL,"","Country Fruit/veg Johannesburg (Card 8018)",80.80,,"COUNTRY FRUIT/VEG      JOHANNESBURG GPZA",15626.06
1227278150,10/10/2018,15533616167,FINANCIAL,"","Superspar Blackheath (Card 8018)",115.15,,"SUPERSPAR BLACKHE      BLACKHEATH   ZAZA",15510.91
1227278150,10/10/2018,15535754055,FINANCIAL,"","Country Fruit/veg Johannesburg (Card 8018)",149.50,,"COUNTRY FRUIT/VEG      JOHANNESBURG GPZA",15361.41
1227278150,11/10/2018,15550747571,FINANCIAL,"","SMS Notification Fee",0.80,,"",15360.61
1227278150,12/10/2018,15554363887,FINANCIAL,"","Country Fruit/veg Johannesburg (Card 8018)",142.70,,"COUNTRY FRUIT/VEG      JOHANNESBURG GPZA",15217.91
1227278150,13/10/2018,15565325214,FINANCIAL,"","Superspar Blackheath (Card 8018)",257.44,,"SUPERSPAR BLACKHE      BLACKHEATH   ZAZA",14960.47
1227278150,13/10/2018,15571873158,FINANCIAL,"","SMS Notification Fee",0.80,,"",14959.67
1227278150,15/10/2018,15584227964,FINANCIAL,"","Country Fruit/veg Johannesburg (Card 8018)",156.50,,"COUNTRY FRUIT/VEG      JOHANNESBURG GPZA",14803.17
1227278150,15/10/2018,15584393664,FINANCIAL,"","Spur Johannesburg (Card 8018)",677.70,,"WILD FALCON SPUR       JOHANNESBURG GPZA",14125.47
1227278150,15/10/2018,15585699253,FINANCIAL,"","Croc City Nietgedacht (Card 8018)",70.00,,"CROC CITY              NIETGEDACHT  GPZA",14055.47
1227278150,15/10/2018,15594550050,FINANCIAL,"","SMS Notification Fee",0.40,,"",14055.07
1227278150,16/10/2018,15598308349,FINANCIAL,"","Country Fruit/veg Johannesburg (Card 8018)",109.80,,"COUNTRY FRUIT/VEG      JOHANNESBURG GPZA",13945.27
1227278150,17/10/2018,15607683802,FINANCIAL,"","Caltex Randburg (Card 8018)",32.50,,"CALTEX RABIE           RANDBURG     ZAZA",13912.77
1227278150,17/10/2018,15609532042,FINANCIAL,"","Country Fruit/veg Johannesburg (Card 8018)",83.30,,"COUNTRY FRUIT/VEG      JOHANNESBURG GPZA",13829.47
1227278150,18/10/2018,15625658344,FINANCIAL,"","SMS Notification Fee",0.40,,"",13829.07
1227278150,19/10/2018,15629527429,FINANCIAL,"","Country Fruit/veg Johannesburg (Card 8018)",107.90,,"COUNTRY FRUIT/VEG      JOHANNESBURG GPZA",13721.17
1227278150,19/10/2018,15638176250,FINANCIAL,"","SMS Notification Fee",0.40,,"",13720.77
1227278150,20/10/2018,15649182529,FINANCIAL,"","SMS Notification Fee",0.40,,"",13720.37
1227278150,21/10/2018,15651524488,FINANCIAL,"","Online Purchase: Audible.co.uk Audible.co.uk (Card 8018)",150.52,,"Audible.co.uk          AUDIBLE.CO.UKGBGB",13569.85
1227278150,21/10/2018,15654738463,FINANCIAL,"","ATM Cash Withdrawal Fnb Ssc Atm (Card 8018)",600.00,,"FNB SSC ATM            BRYANSTON    SAZA",12969.85
1227278150,21/10/2018,15654738464,FINANCIAL,"","Cash Withdrawal Fee (ATM)",8.83,,"",12961.02
1227278150,21/10/2018,15655867093,FINANCIAL,"","SMS Notification Fee",0.80,,"",12960.22
1227278150,22/10/2018,15659690080,FINANCIAL,"","Purchase Refund (Card 8018)",,150.52,"",13110.74
1227278150,22/10/2018,15659690089,FINANCIAL,"","Purchase Refund (Card 8018)",,150.52,"",13261.26
1227278150,22/10/2018,15665710297,FINANCIAL,"","SMS Notification Fee",1.20,,"",13260.06
1227278150,23/10/2018,15667818289,FINANCIAL,"","Engen Randburg (Card 8018)",402.06,,"ENGEN WILLO CREST      RANDBURG     GPZA",12858.00
1227278150,23/10/2018,15668118578,FINANCIAL,"","Pick n Pay Randburg (Card 8018)",343.97,,"PNP FRAN RANDBURG WATE RANDBURG     ZAZA",12514.03
1227278150,23/10/2018,15669721497,FINANCIAL,"","Country Fruit/veg Johannesburg (Card 8018)",10.00,,"COUNTRY FRUIT/VEG      JOHANNESBURG GPZA",12504.03
1227278150,23/10/2018,15669721507,FINANCIAL,"","Country Fruit/veg Johannesburg (Card 8018)",183.60,,"COUNTRY FRUIT/VEG      JOHANNESBURG GPZA",12320.43
1227278150,24/10/2018,15677636268,FINANCIAL,"","Mugg & Bean Johannesburg (Card 8018)",73.80,,"MUGG AND BEAN CREST    JOHANNESBURG ZAZA",12246.63
1227278150,24/10/2018,15684824120,FINANCIAL,"","Payment Received: Salary Wages Transfer 1356468957",,42383.28,"SALARY WAGES                  TRANSFER  1356468957",54629.91
1227278150,24/10/2018,15684824152,FINANCIAL,"","Payment Received: Made In Workshop Transfer 1356321272",,1855.00,"MADE IN WORKSHOP              TRANSFER  1356321272",56484.91
1227278150,24/10/2018,15686018199,FINANCIAL,"","SMS Notification Fee",1.20,,"",56483.71
1227278150,25/10/2018,15692507953,FINANCIAL,"","Country Fruit/veg Johannesburg (Card 8018)",96.60,,"COUNTRY FRUIT/VEG      JOHANNESBURG GPZA",56387.11
1227278150,26/10/2018,15712354448,FINANCIAL,"","Superspar Blackheath (Card 8018)",376.07,,"SUPERSPAR BLACKHE      BLACKHEATH   ZAZA",56011.04
1227278150,26/10/2018,15713775358,FINANCIAL,"","Caltex Johannesburg (Card 8018)",29.50,,"CALTEX FRESH STOP      JOHANNESBURG GPZA",55981.54
1227278150,26/10/2018,15713775941,FINANCIAL,"","Country Fruit/veg Johannesburg (Card 8018)",94.50,,"COUNTRY FRUIT/VEG      JOHANNESBURG GPZA",55887.04
1227278150,26/10/2018,15715620236,FINANCIAL,"","Internet Banking Payment Montessori",1250.00,,"MONTESSORI",54637.04
1227278150,26/10/2018,15715620240,FINANCIAL,"","Payment Fee",1.60,,"",54635.44
1227278150,26/10/2018,15729552874,FINANCIAL,"","SMS Notification Fee",1.20,,"",54634.24
1227278150,27/10/2018,15746152534,FINANCIAL,"","SMS Notification Fee",0.40,,"",54633.84
1227278150,28/10/2018,15750506509,FINANCIAL,"","Country Fruit/veg Johannesburg (Card 8018)",144.50,,"COUNTRY FRUIT/VEG      JOHANNESBURG GPZA",54489.34
1227278150,28/10/2018,15757838248,FINANCIAL,"","SMS Notification Fee",0.40,,"",54488.94
1227278150,29/10/2018,15764799253,FINANCIAL,"","Superspar Blackheath (Card 8018)",220.73,,"SUPERSPAR BLACKHE      BLACKHEATH   ZAZA",54268.21
1227278150,29/10/2018,15765613177,FINANCIAL,"","Crazy Store Pretoria (Card 8018)",149.99,,"CRAZY STORE OH RANDBUR PRETORIA     ZAZA",54118.22
1227278150,29/10/2018,15772693146,FINANCIAL,"","Fnb H Loan 00003000013811074bond Repay1364020553",14751.66,,"FNB H LOAN   00003000013811074BOND REPAY1364020553",39366.56
1227278150,29/10/2018,15772693148,FINANCIAL,"","Debit Order Fee",3.73,,"",39362.83
1227278150,29/10/2018,15774130583,FINANCIAL,"","SMS Notification Fee",0.40,,"",39362.43
1227278150,30/10/2018,15789156047,FINANCIAL,"","SMS Notification Fee",0.40,,"",39362.03
1227278150,31/10/2018,15795793813,FINANCIAL,"","Vodacom 0300284828 Qc199330 Transfer 1364730861",234.70,,"VODACOM 0300284828 QC199330   TRANSFER  1364730861",39127.33
1227278150,31/10/2018,15795793822,FINANCIAL,"","Debit Order Fee",3.73,,"",39123.60
1227278150,31/10/2018,15795793893,FINANCIAL,"","Budget Ins 778057243 Nov Prem Ins Prem 1366810327",688.71,,"BUDGET INS 778057243 NOV PREM INS PREM  1366810327",38434.89
1227278150,31/10/2018,15795793896,FINANCIAL,"","Debit Order Fee",3.73,,"",38431.16
1227278150,31/10/2018,15797001337,FINANCIAL,"","Caltex Johannesburg (Card 8018)",62.00,,"CALTEX FRESH STOP      JOHANNESBURG GPZA",38369.16
1227278150,31/10/2018,15797061577,FINANCIAL,"","Engen Johannesburg (Card 8018)",300.00,,"ENGEN FAIRLANDS        JOHANNESBURG GPZA",38069.16
1227278150,31/10/2018,15799716911,FINANCIAL,"","Country Fruit/veg Johannesburg (Card 8018)",86.70,,"COUNTRY FRUIT/VEG      JOHANNESBURG GPZA",37982.46
1227278150,31/10/2018,15817841511,FINANCIAL,"","Interest Received",,107.61,"",38090.07
1227278150,31/10/2018,15817841512,FINANCIAL,"","SMS Notification Fee",0.80,,"",38089.27
1227278150,31/10/2018,15817841513,FINANCIAL,"","Monthly Account Admin Fee",5.80,,"",38083.47
1227278150,01/11/2018,15844516071,FINANCIAL,"","Adt Jhb 2103355799adtb050414acc Repay 1365633896",603.04,,"ADT JHB   2103355799ADTB050414ACC REPAY 1365633896",37480.43
1227278150,01/11/2018,15844516086,FINANCIAL,"","Debit Order Fee",3.73,,"",37476.70
1227278150,01/11/2018,15844516158,FINANCIAL,"","Liblife 01nov59009635400c/pins Prem 1365647129",427.66,,"LIBLIFE    01NOV59009635400C/PINS PREM  1365647129",37049.04
1227278150,01/11/2018,15844516161,FINANCIAL,"","Debit Order Fee",3.73,,"",37045.31
1227278150,01/11/2018,15844516235,FINANCIAL,"","Liberty050 0024624897 52576ins Prem 1366307716",1767.09,,"LIBERTY050 0024624897    52576INS PREM  1366307716",35278.22
1227278150,01/11/2018,15844516238,FINANCIAL,"","Debit Order Fee",3.73,,"",35274.49
1227278150,01/11/2018,15845584352,FINANCIAL,"","Country Fruit/veg Johannesburg (Card 8018)",34.00,,"COUNTRY FRUIT/VEG      JOHANNESBURG GPZA",35240.49
1227278150,01/11/2018,15857979477,FINANCIAL,"","Outsurance Ot24363917 93612oins Prem 1370081628",1973.84,,"OUTSURANCE OT24363917   93612OINS PREM  1370081628",33266.65
1227278150,01/11/2018,15857979480,FINANCIAL,"","Debit Order Fee",3.73,,"",33262.92
1227278150,01/11/2018,15860150669,FINANCIAL,"","SMS Notification Fee",2.00,,"",33260.92
1227278150,02/11/2018,15862825268,FINANCIAL,"","Internet Banking Payment Montessori",8025.00,,"MONTESSORI",25235.92
1227278150,02/11/2018,15862825270,FINANCIAL,"","Payment Fee",1.60,,"",25234.32
1227278150,02/11/2018,15862825281,FINANCIAL,"","Internet Banking Payment P.j. Hartmeier",4500.00,,"P.J. HARTMEIER",20734.32
1227278150,02/11/2018,15862825283,FINANCIAL,"","Payment Fee",1.60,,"",20732.72
1227278150,02/11/2018,15867914505,FINANCIAL,"","ATM Cash Withdrawal Cnr 2nd Ave And Rabie (Card 8018)",600.00,,"CNR 2nd Ave and Rabie  Randburg     NGZA",20132.72
1227278150,02/11/2018,15867914508,FINANCIAL,"","Cash Withdrawal Fee (ATM)",8.83,,"",20123.89
1227278150,02/11/2018,15879470348,FINANCIAL,"","SMS Notification Fee",1.20,,"",20122.69
1227278150,03/11/2018,15882876893,FINANCIAL,"","Superspar Blackheath (Card 8018)",255.93,,"SUPERSPAR BLACKHE      BLACKHEATH   ZAZA",19866.76
1227278150,03/11/2018,15894053145,FINANCIAL,"","SMS Notification Fee",0.40,,"",19866.36
1227278150,04/11/2018,15897747466,FINANCIAL,"","Country Fruit/veg Johannesburg (Card 8018)",49.80,,"COUNTRY FRUIT/VEG      JOHANNESBURG GPZA",19816.56
1227278150,05/11/2018,15908895042,FINANCIAL,"","Rouberto Building Mate Randburg (Card 8018)",26.50,,"ROUBERTO BUILDING MATE RANDBURG     ZAZA",19790.06
1227278150,05/11/2018,15908912005,FINANCIAL,"","Game Cresta (Card 8018)",653.00,,"GAME CRESTA 593        CRESTA       ZAZA",19137.06
1227278150,05/11/2018,15909424169,FINANCIAL,"","Woolworths Randpark Ridg (Card 8018)",39.99,,"WOOLWORTHS NORTHWHB    RANDPARK RIDGZAZA",19097.07
1227278150,05/11/2018,15916235152,FINANCIAL,"","Stanlib N31993402c0000718190transfer 1372967770",250.00,,"STANLIB   N31993402C0000718190TRANSFER  1372967770",18847.07
1227278150,05/11/2018,15916235154,FINANCIAL,"","Debit Order Fee",3.73,,"",18843.34
1227278150,05/11/2018,15917387787,FINANCIAL,"","SMS Notification Fee",1.20,,"",18842.14
1227278150,06/11/2018,15919247909,FINANCIAL,"","Internet Banking Payment Robert Viljoen",550.00,,"ROBERT VILJOEN",18292.14
1227278150,06/11/2018,15919247912,FINANCIAL,"","Payment Fee",1.60,,"",18290.54
1227278150,06/11/2018,15919247921,FINANCIAL,"","Internet Banking Payment Might Wings Life Cen",540.00,,"MIGHT WINGS LIFE CEN",17750.54
1227278150,06/11/2018,15919247923,FINANCIAL,"","Payment Fee",1.60,,"",17748.94
1227278150,06/11/2018,15929125725,FINANCIAL,"","SMS Notification Fee",1.20,,"",17747.74
1227278150,07/11/2018,15931405307,FINANCIAL,"","BP Randburg (Card 8018)",400.00,,"BP MALIBONGWE RANDBURG RANDBURG     ZAZA",17347.74
1227278150,07/11/2018,15932401384,FINANCIAL,"","Country Fruit/veg Johannesburg (Card 8018)",134.40,,"COUNTRY FRUIT/VEG      JOHANNESBURG GPZA",17213.34
1227278150,07/11/2018,15934152126,FINANCIAL,"","Country Fruit/veg Johannesburg (Card 8018)",162.60,,"COUNTRY FRUIT/VEG      JOHANNESBURG GPZA",17050.74
1227278150,07/11/2018,15935855839,FINANCIAL,"","Payment Received: Robynn Rent Payment 1373436633",,2500.00,"ROBYNN RENT                   PAYMENT   1373436633",19550.74
1227278150,07/11/2018,15940879994,FINANCIAL,"","SMS Notification Fee",1.20,,"",19549.54
1227278150,08/11/2018,15942311703,FINANCIAL,"","Internet Banking Payment City Ojoburgf Johann",3163.84,,"CITY OJOBURGF JOHANN",16385.70
1227278150,08/11/2018,15942311705,FINANCIAL,"","Payment Fee",1.60,,"",16384.10
1227278150,08/11/2018,15943381536,FINANCIAL,"","Jacks Paint Jhb (Card 8018)",80.00,,"JACKS PAINT BLACKHEA   JHB            ZA",16304.10
1227278150,08/11/2018,15943930483,FINANCIAL,"","Country Fruit/veg Johannesburg (Card 8018)",177.60,,"COUNTRY FRUIT/VEG      JOHANNESBURG GPZA",16126.50
1227278150,08/11/2018,15944181055,FINANCIAL,"","Game Cresta (Card 8018)",348.50,,"GAME CRESTA 593        CRESTA       ZAZA",15778.00
1227278150,08/11/2018,15950251659,FINANCIAL,"","ATM Cash Withdrawal Spar Steves (Card 8018)",550.00,,"SPAR STEVES            ROODEPOORT   GPZA",15228.00
1227278150,08/11/2018,15950251662,FINANCIAL,"","Cash Withdrawal Fee (ATM)",8.83,,"",15219.17
1227278150,08/11/2018,15951487848,FINANCIAL,"","SMS Notification Fee",1.20,,"",15217.97
1227278150,09/11/2018,15955458643,FINANCIAL,"","Superspar Blackheath (Card 8018)",270.66,,"SUPERSPAR BLACKHE      BLACKHEATH   ZAZA",14947.31
1227278150,09/11/2018,15961277047,FINANCIAL,"","Internet Banking Payment Drs. Van Rensburg",448.00,,"DRS. VAN RENSBURG",14499.31
1227278150,09/11/2018,15961277048,FINANCIAL,"","Payment Fee",1.60,,"",14497.71
1227278150,09/11/2018,15964214361,FINANCIAL,"","SMS Notification Fee",1.20,,"",14496.51
1227278150,10/11/2018,15967818495,FINANCIAL,"","Caltex Johannesburg (Card 8018)",101.47,,"CALTEX FRESH STOP      JOHANNESBURG GPZA",14395.04
1227278150,10/11/2018,15975402348,FINANCIAL,"","SMS Notification Fee",0.40,,"",14394.64
1227278150,11/11/2018,15982124395,FINANCIAL,"","SMS Notification Fee",0.40,,"",14394.24
1227278150,12/11/2018,15991607684,FINANCIAL,"","SMS Notification Fee",0.80,,"",14393.44
1227278150,13/11/2018,15993830534,FINANCIAL,"","Country Fruit/veg Johannesburg (Card 8018)",100.60,,"COUNTRY FRUIT/VEG      JOHANNESBURG GPZA",14292.84
1227278150,13/11/2018,15993878313,FINANCIAL,"","Caltex Johannesburg (Card 8018)",56.00,,"CALTEX FRESH STOP      JOHANNESBURG GPZA",14236.84
1227278150,13/11/2018,15994272522,FINANCIAL,"","Pick n Pay Randburg (Card 8018)",410.89,,"PNP FRAN RANDBURG WATE RANDBURG     ZAZA",13825.95
1227278150,13/11/2018,15996034263,FINANCIAL,"","Country Fruit/veg Johannesburg (Card 8018)",120.90,,"COUNTRY FRUIT/VEG      JOHANNESBURG GPZA",13705.05
1227278150,14/11/2018,16004307029,FINANCIAL,"","Pep Stores Randburg (Card 8018)",119.99,,"PEP 6120 RANDBURG HE   RANDBURG     ZAZA",13585.06
1227278150,14/11/2018,16004908562,FINANCIAL,"","Game Cresta (Card 8018)",81.18,,"GAME CRESTA 593        CRESTA       ZAZA",13503.88
1227278150,14/11/2018,16010779892,FINANCIAL,"","SMS Notification Fee",0.40,,"",13503.48
1227278150,15/11/2018,16014775074,FINANCIAL,"","Country Fruit/veg Johannesburg (Card 8018)",59.90,,"COUNTRY FRUIT/VEG      JOHANNESBURG GPZA",13443.58
1227278150,15/11/2018,16027273544,FINANCIAL,"","SMS Notification Fee",0.40,,"",13443.18
1227278150,16/11/2018,16031134319,FINANCIAL,"","Spur Johannesburg (Card 8018)",203.60,,"WILD FALCON SPUR       JOHANNESBURG GPZA",13239.58
1227278150,16/11/2018,16031561909,FINANCIAL,"","Superspar Blackheath (Card 8018)",121.99,,"SUPERSPAR BLACKHE      BLACKHEATH   ZAZA",13117.59
1227278150,17/11/2018,16053225061,FINANCIAL,"","SMS Notification Fee",0.80,,"",13116.79
1227278150,19/11/2018,16063458579,FINANCIAL,"","Country Fruit/veg Johannesburg (Card 8018)",87.30,,"COUNTRY FRUIT/VEG      JOHANNESBURG GPZA",13029.49
1227278150,19/11/2018,16063871930,FINANCIAL,"","Pick n Pay Blackheath (Card 8018)",247.96,,"PNP BLACKHEATH         BLACKHEATH   ZAZA",12781.53
1227278150,19/11/2018,16067024904,FINANCIAL,"","Apadana Rugs Art H71564 Parktown Nor (Card 8018)",480.00,,"000    0 APADANA RUGS ART H71564PARKTOWN NOR GPZA",12301.53
1227278150,19/11/2018,16070424301,FINANCIAL,"","SMS Notification Fee",0.40,,"",12301.13
1227278150,20/11/2018,16074289556,FINANCIAL,"","Caltex Johannesburg (Card 8018)",32.50,,"CALTEX FRESH STOP      JOHANNESBURG GPZA",12268.63
1227278150,20/11/2018,16074438468,FINANCIAL,"","Engen Randburg (Card 8018)",400.01,,"ENGEN WILLO CREST      RANDBURG     GPZA",11868.62
1227278150,20/11/2018,16074794712,FINANCIAL,"","Game Cresta (Card 8018)",70.98,,"GAME CRESTA 593        CRESTA       ZAZA",11797.64
1227278150,20/11/2018,16080994802,FINANCIAL,"","SMS Notification Fee",0.40,,"",11797.24
1227278150,22/11/2018,16093075826,FINANCIAL,"","Country Fruit/veg Johannesburg (Card 8018)",199.60,,"COUNTRY FRUIT/VEG      JOHANNESBURG GPZA",11597.64
1227278150,23/11/2018,16120765581,FINANCIAL,"","Payment Received: Salary Wages Payment 1384777025",,42383.28,"SALARY WAGES                  PAYMENT   1384777025",53980.92
1227278150,23/11/2018,16126925855,FINANCIAL,"","SMS Notification Fee",1.20,,"",53979.72
1227278150,24/11/2018,16132447611,FINANCIAL,"","Country Fruit/veg Johannesburg (Card 8018)",170.70,,"COUNTRY FRUIT/VEG      JOHANNESBURG GPZA",53809.02
1227278150,25/11/2018,16151055016,FINANCIAL,"","Internet Banking Payment Doggy Dos Parlour",320.00,,"DOGGY DOS PARLOUR",53489.02
1227278150,25/11/2018,16151055020,FINANCIAL,"","Payment Fee",1.60,,"",53487.42
1227278150,25/11/2018,16154148367,FINANCIAL,"","SMS Notification Fee",0.40,,"",53487.02
1227278150,26/11/2018,16161521206,FINANCIAL,"","Country Fruit/veg Johannesburg (Card 8018)",50.90,,"COUNTRY FRUIT/VEG      JOHANNESBURG GPZA",53436.12
1227278150,26/11/2018,16164010144,FINANCIAL,"","Cat Box Fontainebleau (Card 8018)",287.50,,"CAT BOX PET HYPER      FONTAINEBLEAUZAZA",53148.62
1227278150,27/11/2018,16179398861,FINANCIAL,"","Caltex Johannesburg (Card 8018)",29.50,,"CALTEX FRESH STOP      JOHANNESBURG GPZA",53119.12
1227278150,27/11/2018,16179455177,FINANCIAL,"","Engen Johannesburg (Card 8018)",52.50,,"ENGEN WILLO CREST      JOHANNESBURG GPZA",53066.62
1227278150,27/11/2018,16180271979,FINANCIAL,"","PNA Blackheath (Card 8018)",29.99,,"PNA HEATHWAY           BLACKHEATH   ZAZA",53036.63
1227278150,27/11/2018,16189568439,FINANCIAL,"","SMS Notification Fee",0.80,,"",53035.83
1227278150,28/11/2018,16191492680,FINANCIAL,"","Internet Banking Transfer to 1452991705 Claire (medical",569.39,,"CLAIRE (MEDICAL",52466.44
1227278150,28/11/2018,16191492683,FINANCIAL,"","Payment Fee (Capitec to Capitec)",1.60,,"",52464.84
1227278150,28/11/2018,16195803771,FINANCIAL,"","Country Fruit/veg Johannesburg (Card 8018)",108.80,,"COUNTRY FRUIT/VEG      JOHANNESBURG GPZA",52356.04
1227278150,28/11/2018,16198330874,FINANCIAL,"","Payment Received: Robynn Rent Payment 1391077774",,2500.00,"ROBYNN RENT                   PAYMENT   1391077774",54856.04
1227278150,28/11/2018,16205556956,FINANCIAL,"","Fnb H Loan 00003000013811074bond Repay1390882780",14698.13,,"FNB H LOAN   00003000013811074BOND REPAY1390882780",40157.91
1227278150,28/11/2018,16205556961,FINANCIAL,"","Debit Order Fee",3.73,,"",40154.18
1227278150,28/11/2018,16207290893,FINANCIAL,"","SMS Notification Fee",1.60,,"",40152.58
1227278150,29/11/2018,16212394377,FINANCIAL,"","Country Fruit/veg Johannesburg (Card 8018)",73.80,,"COUNTRY FRUIT/VEG      JOHANNESBURG GPZA",40078.78
1227278150,29/11/2018,16212417221,FINANCIAL,"","Bestdrive Cresta Johannesburg (Card 8018)",130.00,,"BESTDRIVE CRESTA       JOHANNESBURG GPZA",39948.78
1227278150,29/11/2018,16212702154,FINANCIAL,"","Pick n Pay Randburg (Card 8018)",235.21,,"PNP FRAN RANDBURG WATE RANDBURG     ZAZA",39713.57
1227278150,29/11/2018,16220410749,FINANCIAL,"","ATM Cash Withdrawal Blackheath Mac (Card 8018)",1000.00,,"BLACKHEATH MAC         RANDBURG     GPZA",38713.57
1227278150,29/11/2018,16220410751,FINANCIAL,"","Cash Withdrawal Fee (ATM)",8.83,,"",38704.74
1227278150,29/11/2018,16223784214,FINANCIAL,"","SMS Notification Fee",0.40,,"",38704.34
1227278150,30/11/2018,16242445808,FINANCIAL,"","Internet Banking Payment P.j. Hartmeier",4500.00,,"P.J. HARTMEIER",34204.34
1227278150,30/11/2018,16242445813,FINANCIAL,"","Payment Fee",1.60,,"",34202.74
1227278150,30/11/2018,16242518995,FINANCIAL,"","Internet Banking Payment Montessori",6500.00,,"MONTESSORI",27702.74
1227278150,30/11/2018,16242518996,FINANCIAL,"","Payment Fee",1.60,,"",27701.14
1227278150,30/11/2018,16249315220,FINANCIAL,"","Budget Ins 778057243 Dec Prem Ins Prem 1393393823",688.71,,"BUDGET INS 778057243 DEC PREM INS PREM  1393393823",27012.43
1227278150,30/11/2018,16249315224,FINANCIAL,"","Debit Order Fee",3.73,,"",27008.70
1227278150,30/11/2018,16249315264,FINANCIAL,"","Vodacom 0302193318 Qc199330 Transfer 1391569201",234.70,,"VODACOM 0302193318 QC199330   TRANSFER  1391569201",26774.00
1227278150,30/11/2018,16249315268,FINANCIAL,"","Debit Order Fee",3.73,,"",26770.27
1227278150,30/11/2018,16256506654,FINANCIAL,"","Interest Received",,101.93,"",26872.20
1227278150,30/11/2018,16256506655,FINANCIAL,"","SMS Notification Fee",1.60,,"",26870.60
1227278150,30/11/2018,16256506656,FINANCIAL,"","Monthly Account Admin Fee",5.80,,"",26864.80
1227278150,01/12/2018,16284535262,FINANCIAL,"","Adt Jhb 2103355799adtc049748acc Repay 1392435878",913.04,,"ADT JHB   2103355799ADTC049748ACC REPAY 1392435878",25951.76
1227278150,01/12/2018,16284535271,FINANCIAL,"","Debit Order Fee",3.73,,"",25948.03
1227278150,01/12/2018,16284535337,FINANCIAL,"","Liblife 01dec59009635400c/pins Prem 1392374248",427.66,,"LIBLIFE    01DEC59009635400C/PINS PREM  1392374248",25520.37
1227278150,01/12/2018,16284535339,FINANCIAL,"","Debit Order Fee",3.73,,"",25516.64
1227278150,01/12/2018,16295991206,FINANCIAL,"","Outsurance Ot24363917 27713yins Prem 1397913433",1973.84,,"OUTSURANCE OT24363917   27713YINS PREM  1397913433",23542.80
1227278150,01/12/2018,16295991208,FINANCIAL,"","Debit Order Fee",3.73,,"",23539.07
1227278150,01/12/2018,16297914824,FINANCIAL,"","SMS Notification Fee",1.60,,"",23537.47
1227278150,03/12/2018,16313922814,FINANCIAL,"","Liberty050 0024624897 52598ins Prem 1395421305",1767.09,,"LIBERTY050 0024624897    52598INS PREM  1395421305",21770.38
1227278150,03/12/2018,16313922826,FINANCIAL,"","Debit Order Fee",3.73,,"",21766.65
1227278150,03/12/2018,16314304331,FINANCIAL,"","Caltex Randburg (Card 8018)",300.00,,"CALTEX RABIE           RANDBURG     ZAZA",21466.65
1227278150,03/12/2018,16316501140,FINANCIAL,"","Caltex Johannesburg (Card 8018)",29.50,,"CALTEX FRESH STOP      JOHANNESBURG GPZA",21437.15
1227278150,03/12/2018,16316640639,FINANCIAL,"","Country Fruit/veg Johannesburg (Card 8018)",23.80,,"COUNTRY FRUIT/VEG      JOHANNESBURG GPZA",21413.35
1227278150,03/12/2018,16326160094,FINANCIAL,"","Banking App Transfer to 1235391556 Claire Louise S",500.00,,"CLAIRE LOUISE S",20913.35
1227278150,03/12/2018,16326160100,FINANCIAL,"","Payment Fee (Capitec to Capitec)",1.60,,"",20911.75
1227278150,03/12/2018,16326160211,FINANCIAL,"","SMS Notification Fee",0.40,,"",20911.35
1227278150,03/12/2018,16328413994,FINANCIAL,"","SMS Notification Fee",0.80,,"",20910.55
1227278150,04/12/2018,16334479050,FINANCIAL,"","Country Fruit/veg Johannesburg (Card 8018)",89.60,,"COUNTRY FRUIT/VEG      JOHANNESBURG GPZA",20820.95
1227278150,04/12/2018,16334546500,FINANCIAL,"","Caltex Johannesburg (Card 8018)",32.50,,"CALTEX FRESH STOP      JOHANNESBURG GPZA",20788.45
1227278150,05/12/2018,16349049920,FINANCIAL,"","Country Fruit/veg Johannesburg (Card 8018)",97.00,,"COUNTRY FRUIT/VEG      JOHANNESBURG GPZA",20691.45
1227278150,05/12/2018,16351579223,FINANCIAL,"","Payment Received: Tim Harris Payment 1399786141",,1400.00,"TIM HARRIS                    PAYMENT   1399786141",22091.45
1227278150,05/12/2018,16356355370,FINANCIAL,"","Stanlib N32171557c0000718190transfer 1400060130",250.00,,"STANLIB   N32171557C0000718190TRANSFER  1400060130",21841.45
1227278150,05/12/2018,16356355373,FINANCIAL,"","Debit Order Fee",3.73,,"",21837.72
1227278150,05/12/2018,16357702635,FINANCIAL,"","SMS Notification Fee",1.20,,"",21836.52
1227278150,07/12/2018,16374118222,FINANCIAL,"","Superspar Blackheath (Card 8018)",213.41,,"SUPERSPAR BLACKHE      BLACKHEATH   ZAZA",21623.11
1227278150,07/12/2018,16375405375,FINANCIAL,"","Country Fruit/veg Johannesburg (Card 8018)",97.40,,"COUNTRY FRUIT/VEG      JOHANNESBURG GPZA",21525.71
1227278150,07/12/2018,16376374987,FINANCIAL,"","Superspar Blackheath (Card 8018)",84.87,,"SUPERSPAR BLACKHE      BLACKHEATH   ZAZA",21440.84
1227278150,08/12/2018,16388835757,FINANCIAL,"","Banking App Payment City Ojoburgf Johann",2969.31,,"CITY OJOBURGF JOHANN",18471.53
1227278150,08/12/2018,16388835760,FINANCIAL,"","Payment Fee",1.60,,"",18469.93
1227278150,08/12/2018,16391021236,FINANCIAL,"","Country Fruit/veg Johannesburg (Card 8018)",19.90,,"COUNTRY FRUIT/VEG      JOHANNESBURG GPZA",18450.03
1227278150,08/12/2018,16399475923,FINANCIAL,"","SMS Notification Fee",0.80,,"",18449.23
1227278150,10/12/2018,16409085820,FINANCIAL,"","ATM Cash Withdrawal Fnb Ssc Atm (Card 8018)",600.00,,"FNB SSC ATM            Johannesburg SAZA",17849.23
1227278150,10/12/2018,16409085824,FINANCIAL,"","Cash Withdrawal Fee (ATM)",8.83,,"",17840.40
1227278150,10/12/2018,16409085839,FINANCIAL,"","Banking App Payment Might Wings Life Cen",540.00,,"MIGHT WINGS LIFE CEN",17300.40
1227278150,10/12/2018,16409085842,FINANCIAL,"","Payment Fee",1.60,,"",17298.80
1227278150,10/12/2018,16411596441,FINANCIAL,"","Caltex Johannesburg (Card 8018)",41.49,,"CALTEX FRESH STOP      JOHANNESBURG GPZA",17257.31
1227278150,10/12/2018,16411596796,FINANCIAL,"","Country Fruit/veg Johannesburg (Card 8018)",241.70,,"COUNTRY FRUIT/VEG      JOHANNESBURG GPZA",17015.61
1227278150,10/12/2018,16419957381,FINANCIAL,"","SMS Notification Fee",1.20,,"",17014.41
1227278150,11/12/2018,16422832961,FINANCIAL,"","Caltex Northcliff (Card 8018)",400.00,,"CALTEX  ABDEV NO 52 F/ NORTHCLIFF     ZA",16614.41
1227278150,12/12/2018,16435618729,FINANCIAL,"","Country Fruit/veg Johannesburg (Card 8018)",50.00,,"COUNTRY FRUIT/VEG      JOHANNESBURG GPZA",16564.41
1227278150,12/12/2018,16443210180,FINANCIAL,"","SMS Notification Fee",0.40,,"",16564.01
1227278150,13/12/2018,16446909207,FINANCIAL,"","Spec Savers Randburg (Card 8018)",5478.33,,"SPECSAVERS CRESTA      RANDBURG     GPZA",11085.68
1227278150,13/12/2018,16447830646,FINANCIAL,"","ATM Cash Withdrawal Cnr 2nd Ave And Rabie (Card 8018)",600.00,,"CNR 2nd Ave and Rabie  Randburg     NGZA",10485.68
1227278150,13/12/2018,16447830650,FINANCIAL,"","Cash Withdrawal Fee (ATM)",8.83,,"",10476.85
1227278150,13/12/2018,16455755907,FINANCIAL,"","SMS Notification Fee",0.40,,"",10476.45
1227278150,14/12/2018,16476390861,FINANCIAL,"","Banking App Payment Telkom Sa Ltd",415.67,,"TELKOM SA LTD",10060.78
1227278150,14/12/2018,16476390867,FINANCIAL,"","Payment Fee",1.60,,"",10059.18
1227278150,14/12/2018,16477837385,FINANCIAL,"","Payment Received: Salary Wages Payment 1407995677",,60279.15,"SALARY WAGES                  PAYMENT   1407995677",70338.33
1227278150,14/12/2018,16481753208,FINANCIAL,"","SMS Notification Fee",1.20,,"",70337.13
1227278150,15/12/2018,16486764306,FINANCIAL,"","Country Fruit/veg Johannesburg (Card 8018)",180.10,,"COUNTRY FRUIT/VEG      JOHANNESBURG GPZA",70157.03
1227278150,16/12/2018,16513482213,FINANCIAL,"","SMS Notification Fee",0.40,,"",70156.63
1227278150,17/12/2018,16524515990,FINANCIAL,"","SMS Notification Fee",0.40,,"",70156.23
1227278150,18/12/2018,16531527631,FINANCIAL,"","Woolworths Randpark Ridg (Card 8018)",66.98,,"WOOLWORTHS NORTHWHB    RANDPARK RIDGZAZA",70089.25
1227278150,18/12/2018,16533553568,FINANCIAL,"","Shalow Water Chinese S Johannesburg (Card 8018)",321.75,,"SHALOW WATER CHINESE S JOHANNESBURG GPZA",69767.50
1227278150,18/12/2018,16534019237,FINANCIAL,"","Pick n Pay Randburg (Card 8018)",244.71,,"PNP FRAN RANDBURG WATE RANDBURG     ZAZA",69522.79
1227278150,18/12/2018,16544592201,FINANCIAL,"","SMS Notification Fee",0.80,,"",69521.99
1227278150,19/12/2018,16550935360,FINANCIAL,"","West Pack Life Style Randburg (Card 8018)",646.80,,"WEST PACK LIFE STYLE   RANDBURG     ZAZA",68875.19
1227278150,19/12/2018,16561832833,FINANCIAL,"","SMS Notification Fee",0.80,,"",68874.39
1227278150,20/12/2018,16567729459,FINANCIAL,"","Online Purchase: Payfast*importalot Cape Town (Card 8018)",784.00,,"PAYFAST*Importalot     CAPE TOWN    ZAZA",68090.39
1227278150,20/12/2018,16568752020,FINANCIAL,"","Country Fruit/veg Johannesburg (Card 8018)",350.20,,"COUNTRY FRUIT/VEG      JOHANNESBURG GPZA",67740.19
1227278150,20/12/2018,16573246663,FINANCIAL,"","Roll Egoli 83434 Bryanston (Card 8018)",250.00,,"000      ROLL EGOLI        83434BRYANSTON    GPZA",67490.19
1227278150,20/12/2018,16582498311,FINANCIAL,"","SMS Notification Fee",0.40,,"",67489.79
1227278150,21/12/2018,16589732515,FINANCIAL,"","Caltex Johannesburg (Card 8018)",52.49,,"CALTEX FRESH STOP      JOHANNESBURG GPZA",67437.30
1227278150,21/12/2018,16607684961,FINANCIAL,"","SMS Notification Fee",2.00,,"",67435.30
1227278150,22/12/2018,16612486927,FINANCIAL,"","El Corro Pharmacy Northcliff (Card 8018)",345.10,,"EL CORRO PHARMACY      NORTHCLIFF   ZAZA",67090.20
1227278150,22/12/2018,16613671679,FINANCIAL,"","Lifestyle Home Garden Johannesburg (Card 8018)",399.95,,"LIFESTYLE HOME GARDEN  JOHANNESBURG GPZA",66690.25
1227278150,22/12/2018,16614682148,FINANCIAL,"","Lush Fresh Handmade Co Randburg (Card 8018)",89.00,,"LUSH FRESH HANDMADE CO RANDBURG     GPZA",66601.25
1227278150,22/12/2018,16615465445,FINANCIAL,"","Spur Johannesburg (Card 8018)",177.70,,"WILD FALCON SPUR       JOHANNESBURG GPZA",66423.55
1227278150,22/12/2018,16616314790,FINANCIAL,"","Banking App Payment Montessori",7679.30,,"MONTESSORI",58744.25
1227278150,22/12/2018,16616314791,FINANCIAL,"","Payment Fee",1.60,,"",58742.65
1227278150,22/12/2018,16627988641,FINANCIAL,"","SMS Notification Fee",2.00,,"",58740.65
1227278150,23/12/2018,16640319882,FINANCIAL,"","SMS Notification Fee",0.40,,"",58740.25
1227278150,24/12/2018,16646558981,FINANCIAL,"","Lindt - Cresta - Mf Cr Cresta (Card 8018)",182.40,,"LINDT - CRESTA - MF CR CRESTA         ZA",58557.85
1227278150,24/12/2018,16647197549,FINANCIAL,"","Typo Cresta 902 _reta Gauteng (Card 8018)",189.98,,"TYPO CRESTA  902 _RETA GAUTENG        ZA",58367.87
1227278150,24/12/2018,16650363100,FINANCIAL,"","Reader's Warehouse Ran Johannesburg (Card 8018)",300.00,,"READER'S WAREHOUSE RAN JOHANNESBURG GPZA",58067.87
1227278150,24/12/2018,16650370760,FINANCIAL,"","Toys R Us Randburg (Card 8018)",229.90,,"TOYS R US CRESTA       RANDBURG     GPZA",57837.97
1227278150,24/12/2018,16651323392,FINANCIAL,"","Pick n Pay Randburg (Card 8018)",447.80,,"PNP FRAN RANDBURG WATE RANDBURG     ZAZA",57390.17
1227278150,24/12/2018,16651533783,FINANCIAL,"","Superspar Blackheath (Card 8018)",385.49,,"SUPERSPAR BLACKHE      BLACKHEATH   ZAZA",57004.68
1227278150,24/12/2018,16652812686,FINANCIAL,"","Crazy Store Pretoria (Card 8018)",179.93,,"CRAZY STORE OH RANDBUR PRETORIA     ZAZA",56824.75
1227278150,24/12/2018,16661222485,FINANCIAL,"","ATM Cash Withdrawal Fnb Ssc Atm (Card 8018)",1000.00,,"FNB SSC ATM            Boskruin     SAZA",55824.75
1227278150,24/12/2018,16661222490,FINANCIAL,"","Cash Withdrawal Fee (ATM)",8.83,,"",55815.92
1227278150,24/12/2018,16662718890,FINANCIAL,"","SMS Notification Fee",0.40,,"",55815.52
1227278150,25/12/2018,16675378663,FINANCIAL,"","SMS Notification Fee",0.40,,"",55815.12
1227278150,26/12/2018,16679427560,FINANCIAL,"","Luigi's Pizzeria Boskr Bromhof (Card 8018)",495.00,,"LUIGI'S PIZZERIA BOSKR BROMHOF      ZAZA",55320.12
1227278150,26/12/2018,16681343875,FINANCIAL,"","Country Fruit/veg Johannesburg (Card 8018)",156.80,,"COUNTRY FRUIT/VEG      JOHANNESBURG GPZA",55163.32
1227278150,28/12/2018,16719230349,FINANCIAL,"","Payment Received: Robynn Rent Transfer 1422616298",,2500.00,"ROBYNN RENT                   TRANSFER  1422616298",57663.32
1227278150,28/12/2018,16720092933,FINANCIAL,"","Fnb H Loan 00003000013811074bond Repay1421582198",14904.17,,"FNB H LOAN   00003000013811074BOND REPAY1421582198",42759.15
1227278150,28/12/2018,16720092938,FINANCIAL,"","Debit Order Fee",3.73,,"",42755.42
1227278150,28/12/2018,16721759560,FINANCIAL,"","SMS Notification Fee",1.60,,"",42753.82
1227278150,29/12/2018,16736383548,FINANCIAL,"","SMS Notification Fee",0.40,,"",42753.42
1227278150,30/12/2018,16739385375,FINANCIAL,"","Caltex Randburg (Card 8018)",29.50,,"CALTEX RABIE           RANDBURG     ZAZA",42723.92
1227278150,30/12/2018,16739862281,FINANCIAL,"","Chop It Lifestyle Randpark Ridg (Card 8018)",130.00,,"CHOP IT LIFESTYLE      RANDPARK RIDGZAZA",42593.92
1227278150,31/12/2018,16748128195,FINANCIAL,"","SMS Notification Fee",0.40,,"",42593.52
1227278150,31/12/2018,16748128208,FINANCIAL,"","Banking App Transfer to 1235391556 Claire Louise S",200.00,,"CLAIRE LOUISE S",42393.52
1227278150,31/12/2018,16748128212,FINANCIAL,"","Payment Fee (Capitec to Capitec)",1.60,,"",42391.92
1227278150,31/12/2018,16751073446,FINANCIAL,"","Vodacom 0304080430 Qc199330 Transfer 1422393562",234.70,,"VODACOM 0304080430 QC199330   TRANSFER  1422393562",42157.22
1227278150,31/12/2018,16751073450,FINANCIAL,"","Debit Order Fee",3.73,,"",42153.49
1227278150,31/12/2018,16751073513,FINANCIAL,"","Budget Ins 778057243 Jan Prem Ins Prem 1423439278",688.71,,"BUDGET INS 778057243 JAN PREM INS PREM  1423439278",41464.78
1227278150,31/12/2018,16751073522,FINANCIAL,"","Debit Order Fee",3.73,,"",41461.05
1227278150,31/12/2018,16761540702,FINANCIAL,"","Payment Received: Stanlib N32262751c0000718190transfer 1424937769",,65000.00,"STANLIB   N32262751C0000718190TRANSFER  1424937769",106461.05
1227278150,31/12/2018,16769827505,FINANCIAL,"","Interest Received",,202.68,"",106663.73
1227278150,31/12/2018,16769827506,FINANCIAL,"","SMS Notification Fee",2.40,,"",106661.33
1227278150,31/12/2018,16769827507,FINANCIAL,"","Monthly Account Admin Fee",5.80,,"",106655.53
1227278150,01/01/2019,16796153848,FINANCIAL,"","Cat Box Fontainebleau (Card 8018)",208.00,,"CAT BOX FONTAINEBLEA   FONTAINEBLEAU  ZA",106447.53
1227278150,01/01/2019,16796498494,FINANCIAL,"","Caltex Johannesburg (Card 8018)",32.50,,"CALTEX FRESH STOP      JOHANNESBURG GPZA",106415.03
1227278150,01/01/2019,16800306211,FINANCIAL,"","Pick n Pay Randburg (Card 8018)",342.36,,"PNP FRAN RANDBURG WATE RANDBURG     ZAZA",106072.67
1227278150,01/01/2019,16801125040,FINANCIAL,"","Caltex Johannesburg (Card 8018)",57.48,,"CALTEX FRESH STOP      JOHANNESBURG GPZA",106015.19
1227278150,01/01/2019,16801125768,FINANCIAL,"","Country Fruit/veg Johannesburg (Card 8018)",249.60,,"COUNTRY FRUIT/VEG      JOHANNESBURG GPZA",105765.59
1227278150,02/01/2019,16809242156,FINANCIAL,"","Liblife 01jan59009635400c/pins Prem 1423204237",427.66,,"LIBLIFE    01JAN59009635400C/PINS PREM  1423204237",105337.93
1227278150,02/01/2019,16809242170,FINANCIAL,"","Debit Order Fee",3.73,,"",105334.20
1227278150,02/01/2019,16809242221,FINANCIAL,"","Liberty050 0024624865 52616ins Prem 1422807899",1767.09,,"LIBERTY050 0024624865    52616INS PREM  1422807899",103567.11
1227278150,02/01/2019,16809242230,FINANCIAL,"","Debit Order Fee",3.73,,"",103563.38
1227278150,02/01/2019,16809242286,FINANCIAL,"","Adt Jhb 2103355799adt1049012acc Repay 1422892134",603.04,,"ADT JHB   2103355799ADT1049012ACC REPAY 1422892134",102960.34
1227278150,02/01/2019,16809242295,FINANCIAL,"","Debit Order Fee",3.73,,"",102956.61
1227278150,02/01/2019,16810530927,FINANCIAL,"","The Fun Company The Zo Johannesburg (Card 8018)",32.50,,"THE FUN COMPANY THE ZO JOHANNESBURG ZAZA",102924.11
1227278150,02/01/2019,16810800463,FINANCIAL,"","The Fun Company The Zo Johannesburg (Card 8018)",75.00,,"THE FUN COMPANY THE ZO JOHANNESBURG ZAZA",102849.11
1227278150,02/01/2019,16810800542,FINANCIAL,"","The Fun Company The Zo Johannesburg (Card 8018)",172.50,,"THE FUN COMPANY THE ZO JOHANNESBURG ZAZA",102676.61
1227278150,02/01/2019,16819275052,FINANCIAL,"","Outsurance Ot24363917 4891ubins Prem 1425418289",1973.84,,"OUTSURANCE OT24363917   4891UBINS PREM  1425418289",100702.77
1227278150,02/01/2019,16819275058,FINANCIAL,"","Debit Order Fee",3.73,,"",100699.04
1227278150,02/01/2019,16821032945,FINANCIAL,"","SMS Notification Fee",2.00,,"",100697.04
1227278150,03/01/2019,16823100925,FINANCIAL,"","Internet Banking Payment Warrender Law",57286.24,,"WARRENDER LAW",43410.80
1227278150,03/01/2019,16823100928,FINANCIAL,"","Payment Fee",1.60,,"",43409.20
1227278150,03/01/2019,16823100931,FINANCIAL,"","Internet Banking Payment Fnbhomeloan",5000.00,,"FNBHOMELOAN",38409.20
1227278150,03/01/2019,16823100932,FINANCIAL,"","Payment Fee",1.60,,"",38407.60
1227278150,03/01/2019,16834582549,FINANCIAL,"","SMS Notification Fee",0.80,,"",38406.80
1227278150,04/01/2019,16837206323,FINANCIAL,"","Caltex Randburg (Card 8018)",400.00,,"CALTEX RABIE           RANDBURG     ZAZA",38006.80
1227278150,04/01/2019,16848678929,FINANCIAL,"","SMS Notification Fee",0.40,,"",38006.40
1227278150,06/01/2019,16863076681,FINANCIAL,"","Seattle Cresta Shopp Cresta (Card 8018)",29.50,,"SEATTLE CRESTA SHOPP   CRESTA       ZAZA",37976.90
1227278150,06/01/2019,16864410735,FINANCIAL,"","Internet Banking Payment City Ojoburgf Johann",2776.30,,"CITY OJOBURGF JOHANN",35200.60
1227278150,06/01/2019,16864410736,FINANCIAL,"","Payment Fee",1.60,,"",35199.00
1227278150,06/01/2019,16864451664,FINANCIAL,"","Internet Banking Payment Fnbhomeloan",5000.00,,"FNBHOMELOAN",30199.00
1227278150,06/01/2019,16864451669,FINANCIAL,"","Payment Fee",1.60,,"",30197.40
1227278150,06/01/2019,16864472716,FINANCIAL,"","Internet Banking Payment P.j. Hartmeier",4500.00,,"P.J. HARTMEIER",25697.40
1227278150,06/01/2019,16864472717,FINANCIAL,"","Payment Fee",1.60,,"",25695.80
1227278150,06/01/2019,16868536213,FINANCIAL,"","SMS Notification Fee",1.60,,"",25694.20
1227278150,07/01/2019,16872032362,FINANCIAL,"","Musica Cresta (Card 8018)",109.95,,"Musica Cresta          CRESTA         ZA",25584.25
1227278150,07/01/2019,16880087128,FINANCIAL,"","Banking App Payment Telkom Sa Ltd",415.59,,"TELKOM SA LTD",25168.66
1227278150,07/01/2019,16880087132,FINANCIAL,"","Payment Fee",1.60,,"",25167.06
1227278150,07/01/2019,16880323170,FINANCIAL,"","Stanlib N32346977c0000718190transfer 1427804253",250.00,,"STANLIB   N32346977C0000718190TRANSFER  1427804253",24917.06
1227278150,07/01/2019,16880323172,FINANCIAL,"","Debit Order Fee",3.73,,"",24913.33
1227278150,07/01/2019,16881473065,FINANCIAL,"","SMS Notification Fee",0.80,,"",24912.53
1227278150,08/01/2019,16885582374,FINANCIAL,"","Country Fruit/veg Johannesburg (Card 8018)",172.40,,"COUNTRY FRUIT/VEG      JOHANNESBURG GPZA",24740.13
1227278150,08/01/2019,16892255351,FINANCIAL,"","ATM Cash Withdrawal Blackheath Mac (Card 8018)",1000.00,,"BLACKHEATH MAC         RANDBURG     GPZA",23740.13
1227278150,08/01/2019,16892255352,FINANCIAL,"","Cash Withdrawal Fee (ATM)",8.83,,"",23731.30
1227278150,08/01/2019,16894076135,FINANCIAL,"","SMS Notification Fee",0.40,,"",23730.90
1227278150,10/01/2019,16915385694,FINANCIAL,"","SMS Notification Fee",0.40,,"",23730.50
1227278150,11/01/2019,16917597855,FINANCIAL,"","Caltex Randburg (Card 8018)",49.99,,"CALTEX RABIE           RANDBURG     ZAZA",23680.51
1227278150,11/01/2019,16918209952,FINANCIAL,"","Country Fruit/veg Johannesburg (Card 8018)",78.00,,"COUNTRY FRUIT/VEG      JOHANNESBURG GPZA",23602.51
1227278150,11/01/2019,16918596499,FINANCIAL,"","Spar Randburg (Card 8018)",129.97,,"SPAR FONTAINBLEAU      RANDBURG     ZAZA",23472.54
1227278150,11/01/2019,16926708171,FINANCIAL,"","SMS Notification Fee",0.40,,"",23472.14
1227278150,12/01/2019,16929664147,FINANCIAL,"","Country Fruit/veg Johannesburg (Card 8018)",252.70,,"COUNTRY FRUIT/VEG      JOHANNESBURG GPZA",23219.44
1227278150,14/01/2019,16945857461,FINANCIAL,"","Caltex Randburg (Card 8018)",29.50,,"CALTEX RABIE           RANDBURG     ZAZA",23189.94
1227278150,15/01/2019,16959350161,FINANCIAL,"","Country Fruit/veg Johannesburg (Card 8018)",58.70,,"COUNTRY FRUIT/VEG      JOHANNESBURG GPZA",23131.24
1227278150,15/01/2019,16959775189,FINANCIAL,"","Caltex Johannesburg (Card 8018)",32.50,,"CALTEX FRESH STOP      JOHANNESBURG GPZA",23098.74
1227278150,15/01/2019,16965462897,FINANCIAL,"","Payment Received: Absa Fedi Tim Rent Transfer 1432126399",,1800.00,"ABSA FEDI TIM RENT            TRANSFER  1432126399",24898.74
1227278150,15/01/2019,16970053906,FINANCIAL,"","SMS Notification Fee",0.80,,"",24897.94
1227278150,17/01/2019,16983719303,FINANCIAL,"","Checkers Fairland (Card 8018)",147.95,,"Checkers Fairlands     FAIRLAND     ZAZA",24749.99
1227278150,17/01/2019,16989708453,FINANCIAL,"","Internet Banking Payment Might Wings Life Cen",540.00,,"MIGHT WINGS LIFE CEN",24209.99
1227278150,17/01/2019,16989708454,FINANCIAL,"","Payment Fee",1.60,,"",24208.39
1227278150,17/01/2019,16992337791,FINANCIAL,"","SMS Notification Fee",0.40,,"",24207.99
1227278150,19/01/2019,17016151855,FINANCIAL,"","SMS Notification Fee",0.40,,"",24207.59
1227278150,21/01/2019,17026292661,FINANCIAL,"","Country Fruit/veg Johannesburg (Card 8018)",300.90,,"COUNTRY FRUIT/VEG      JOHANNESBURG GPZA",23906.69
1227278150,22/01/2019,17035382395,FINANCIAL,"","Internet Banking Transfer to 1344338583 Stuart Bindon",850.00,,"STUART BINDON",23056.69
1227278150,22/01/2019,17035382396,FINANCIAL,"","Payment Fee (Capitec to Capitec)",1.60,,"",23055.09
1227278150,22/01/2019,17035382403,FINANCIAL,"","SMS Notification Fee",0.40,,"",23054.69
1227278150,22/01/2019,17037787189,FINANCIAL,"","Country Fruit/veg Johannesburg (Card 8018)",42.80,,"COUNTRY FRUIT/VEG      JOHANNESBURG GPZA",23011.89
1227278150,22/01/2019,17044343159,FINANCIAL,"","SMS Notification Fee",0.80,,"",23011.09
1227278150,23/01/2019,17047507237,FINANCIAL,"","Country Fruit/veg Johannesburg (Card 8018)",29.90,,"COUNTRY FRUIT/VEG      JOHANNESBURG GPZA",22981.19
1227278150,23/01/2019,17053858216,FINANCIAL,"","SMS Notification Fee",0.40,,"",22980.79
1227278150,24/01/2019,17056654430,FINANCIAL,"","Cat Box Fontainebleau (Card 8018)",380.00,,"CAT BOX FONTAINEBLEA   FONTAINEBLEAU  ZA",22600.79
1227278150,25/01/2019,17072497941,FINANCIAL,"","Engen Randburg (Card 8018)",400.05,,"ENGEN WILLO CREST      RANDBURG     GPZA",22200.74
1227278150,25/01/2019,17078369962,FINANCIAL,"","ATM Cash Withdrawal Nedb Cresta Randburg 0 (Card 8018)",1000.00,,"NedB Cresta Randburg 0 Gauteng      NGZA",21200.74
1227278150,25/01/2019,17078369966,FINANCIAL,"","Cash Withdrawal Fee (ATM)",8.83,,"",21191.91
1227278150,25/01/2019,17080977595,FINANCIAL,"","SWIFT Payment Received: Salary Wages",,44012.40,"SALARY WAGES",65204.31
1227278150,25/01/2019,17092026288,FINANCIAL,"","SMS Notification Fee",2.00,,"",65202.31
1227278150,26/01/2019,17108076887,FINANCIAL,"","SMS Notification Fee",0.40,,"",65201.91
1227278150,27/01/2019,17112051816,FINANCIAL,"","Country Fruit/veg Johannesburg (Card 8018)",179.50,,"COUNTRY FRUIT/VEG      JOHANNESBURG GPZA",65022.41
1227278150,27/01/2019,17112216262,FINANCIAL,"","Country Fruit/veg Johannesburg (Card 8018)",132.80,,"COUNTRY FRUIT/VEG      JOHANNESBURG GPZA",64889.61
1227278150,27/01/2019,17112812554,FINANCIAL,"","Superspar Blackheath (Card 8018)",209.92,,"SUPERSPAR BLACKHE      BLACKHEATH   ZAZA",64679.69
1227278150,27/01/2019,17119875471,FINANCIAL,"","SMS Notification Fee",0.80,,"",64678.89
1227278150,28/01/2019,17127385811,FINANCIAL,"","Spar Randburg (Card 8018)",63.97,,"SPAR FONTAINBLEAU      RANDBURG     ZAZA",64614.92
1227278150,28/01/2019,17128341390,FINANCIAL,"","Toy Kingdom Cresta Randburg (Card 8018)",244.70,,"TOY KINGDOM CRESTA     RANDBURG     ZAZA",64370.22
1227278150,28/01/2019,17136510223,FINANCIAL,"","Fnb H Loan 00003000013811074bond Repay1443411755",14904.18,,"FNB H LOAN   00003000013811074BOND REPAY1443411755",49466.04
1227278150,28/01/2019,17136510227,FINANCIAL,"","Debit Order Fee",3.73,,"",49462.31
1227278150,28/01/2019,17138108964,FINANCIAL,"","SMS Notification Fee",0.40,,"",49461.91
1227278150,29/01/2019,17143623625,FINANCIAL,"","Country Fruit/veg Johannesburg (Card 8018)",82.00,,"COUNTRY FRUIT/VEG      JOHANNESBURG GPZA",49379.91
1227278150,29/01/2019,17143763755,FINANCIAL,"","Lone Wolf Steak Ranc Randpark Ridg (Card 8018)",347.20,,"LONE WOLF STEAK RANC   RANDPARK RIDG  ZA",49032.71
1227278150,29/01/2019,17146127205,FINANCIAL,"","Payment Received: Robynn Rent Payment 1444781953",,3500.00,"ROBYNN RENT                   PAYMENT   1444781953",52532.71
1227278150,29/01/2019,17153774093,FINANCIAL,"","SMS Notification Fee",0.80,,"",52531.91
1227278150,30/01/2019,17156971960,FINANCIAL,"","Superspar Blackheath (Card 8018)",87.47,,"SUPERSPAR BLACKHE      BLACKHEATH   ZAZA",52444.44
1227278150,30/01/2019,17157692776,FINANCIAL,"","I Jump (pty)ltd Strubenvalley (Card 8018)",310.00,,"I JUMP (PTY)LTD        STRUBENVALLEYZAZA",52134.44
1227278150,30/01/2019,17158594884,FINANCIAL,"","Country Fruit/veg Johannesburg (Card 8018)",190.80,,"COUNTRY FRUIT/VEG      JOHANNESBURG GPZA",51943.64
1227278150,31/01/2019,17174519743,FINANCIAL,"","Vodacom 0306012534 Qc199330 Transfer 1445327639",234.70,,"VODACOM 0306012534 QC199330   TRANSFER  1445327639",51708.94
1227278150,31/01/2019,17174519746,FINANCIAL,"","Debit Order Fee",3.73,,"",51705.21
1227278150,31/01/2019,17174519811,FINANCIAL,"","Budget Ins 778057243 Feb Prem Ins Prem 1448117159",688.71,,"BUDGET INS 778057243 FEB PREM INS PREM  1448117159",51016.50
1227278150,31/01/2019,17174519818,FINANCIAL,"","Debit Order Fee",3.73,,"",51012.77
1227278150,31/01/2019,17188087638,FINANCIAL,"","Banking App Transfer to 1235391556 Claire Louise S",1300.00,,"CLAIRE LOUISE S",49712.77
1227278150,31/01/2019,17188087641,FINANCIAL,"","Payment Fee (Capitec to Capitec)",1.60,,"",49711.17
1227278150,31/01/2019,17188087672,FINANCIAL,"","SMS Notification Fee",0.40,,"",49710.77
1227278150,31/01/2019,17196387244,FINANCIAL,"","Interest Received",,171.53,"",49882.30
1227278150,31/01/2019,17196387245,FINANCIAL,"","SMS Notification Fee",1.20,,"",49881.10
1227278150,31/01/2019,17196387246,FINANCIAL,"","Monthly Account Admin Fee",5.80,,"",49875.30
1227278150,01/02/2019,17226730108,FINANCIAL,"","Banking App Payment Montessori",6550.00,,"MONTESSORI",43325.30
1227278150,01/02/2019,17226730112,FINANCIAL,"","Payment Fee",1.60,,"",43323.70
1227278150,01/02/2019,17227340322,FINANCIAL,"","Adt Jhb 2103355799adt2049148acc Repay 1447051799",603.04,,"ADT JHB   2103355799ADT2049148ACC REPAY 1447051799",42720.66
1227278150,01/02/2019,17227340331,FINANCIAL,"","Debit Order Fee",3.73,,"",42716.93
1227278150,01/02/2019,17227340394,FINANCIAL,"","Liblife 01feb59009635400c/pins Prem 1446167899",427.66,,"LIBLIFE    01FEB59009635400C/PINS PREM  1446167899",42289.27
1227278150,01/02/2019,17227340398,FINANCIAL,"","Debit Order Fee",3.73,,"",42285.54
1227278150,01/02/2019,17227340448,FINANCIAL,"","Liberty050 0024624865 52637ins Prem 1447637575",1767.09,,"LIBERTY050 0024624865    52637INS PREM  1447637575",40518.45
1227278150,01/02/2019,17227340456,FINANCIAL,"","Debit Order Fee",3.73,,"",40514.72
1227278150,01/02/2019,17240722702,FINANCIAL,"","Outsurance Ot24363917 6615zeins Prem 1451897101",1973.84,,"OUTSURANCE OT24363917   6615ZEINS PREM  1451897101",38540.88
1227278150,01/02/2019,17240722708,FINANCIAL,"","Debit Order Fee",3.73,,"",38537.15
1227278150,01/02/2019,17243567665,FINANCIAL,"","SMS Notification Fee",2.40,,"",38534.75
1227278150,02/02/2019,17246967425,FINANCIAL,"","Internet Banking Payment Fnbhomeloan",8000.00,,"FNBHOMELOAN",30534.75
1227278150,02/02/2019,17246967432,FINANCIAL,"","Payment Fee",1.60,,"",30533.15
1227278150,02/02/2019,17250450955,FINANCIAL,"","Game Cresta (Card 8018)",87.38,,"GAME CRESTA 593        CRESTA       ZAZA",30445.77
1227278150,02/02/2019,17253218035,FINANCIAL,"","Internet Banking Payment Received Pmt Less Cream",,1227.00,"PMT LESS CREAM",31672.77
1227278150,02/02/2019,17256483526,FINANCIAL,"","Payment Received: Absa Bank Tim Rent Transfer 1453228643",,1800.00,"ABSA BANK TIM RENT            TRANSFER  1453228643",33472.77
1227278150,02/02/2019,17262119622,FINANCIAL,"","SMS Notification Fee",1.20,,"",33471.57
1227278150,03/02/2019,17273166329,FINANCIAL,"","SMS Notification Fee",0.80,,"",33470.77
1227278150,04/02/2019,17280360559,FINANCIAL,"","Toy Kingdom Cresta Randburg (Card 8018)",219.80,,"TOY KINGDOM CRESTA     RANDBURG     ZAZA",33250.97
1227278150,04/02/2019,17289479388,FINANCIAL,"","SMS Notification Fee",0.40,,"",33250.57
1227278150,05/02/2019,17291506921,FINANCIAL,"","Banking App Payment P.j. Hartmeier",4500.00,,"P.J. HARTMEIER",28750.57
1227278150,05/02/2019,17291506925,FINANCIAL,"","Payment Fee",1.60,,"",28748.97
1227278150,05/02/2019,17294669667,FINANCIAL,"","Country Fruit/veg Johannesburg (Card 8018)",233.00,,"COUNTRY FRUIT/VEG      JOHANNESBURG GPZA",28515.97
1227278150,05/02/2019,17294988330,FINANCIAL,"","Country Fruit/veg Johannesburg (Card 8018)",113.50,,"COUNTRY FRUIT/VEG      JOHANNESBURG GPZA",28402.47
1227278150,05/02/2019,17295361108,FINANCIAL,"","Sasol Johannesburg (Card 8018)",400.00,,"SASOL SQUARE           JOHANNESBURG GPZA",28002.47
1227278150,05/02/2019,17302649781,FINANCIAL,"","Stanlib N32535155c0000718190transfer 1454220322",250.00,,"STANLIB   N32535155C0000718190TRANSFER  1454220322",27752.47
1227278150,05/02/2019,17302649786,FINANCIAL,"","Debit Order Fee",3.73,,"",27748.74
1227278150,05/02/2019,17303855239,FINANCIAL,"","SMS Notification Fee",1.60,,"",27747.14
1227278150,06/02/2019,17308064965,FINANCIAL,"","Country Fruit/veg Johannesburg (Card 8018)",249.70,,"COUNTRY FRUIT/VEG      JOHANNESBURG GPZA",27497.44
1227278150,07/02/2019,17317995536,FINANCIAL,"","Banking App Payment City Ojoburgf Johann",2820.24,,"CITY OJOBURGF JOHANN",24677.20
1227278150,07/02/2019,17317995537,FINANCIAL,"","Payment Fee",1.60,,"",24675.60
1227278150,07/02/2019,17320655306,FINANCIAL,"","Toy Kingdom Cresta Randburg (Card 8018)",109.90,,"TOY KINGDOM CRESTA     RANDBURG     ZAZA",24565.70
1227278150,07/02/2019,17328467583,FINANCIAL,"","SMS Notification Fee",0.40,,"",24565.30
1227278150,08/02/2019,17330380203,FINANCIAL,"","Banking App Payment Telkom Sa Ltd",412.59,,"TELKOM SA LTD",24152.71
1227278150,08/02/2019,17330380212,FINANCIAL,"","Payment Fee",1.60,,"",24151.11
1227278150,08/02/2019,17342442311,FINANCIAL,"","SMS Notification Fee",0.40,,"",24150.71
1227278150,09/02/2019,17346124239,FINANCIAL,"","Country Fruit/veg Johannesburg (Card 8018)",75.70,,"COUNTRY FRUIT/VEG      JOHANNESBURG GPZA",24075.01
1227278150,09/02/2019,17354341416,FINANCIAL,"","SMS Notification Fee",0.40,,"",24074.61
1227278150,10/02/2019,17361673238,FINANCIAL,"","SMS Notification Fee",0.40,,"",24074.21
1227278150,11/02/2019,17370704348,FINANCIAL,"","SMS Notification Fee",0.40,,"",24073.81
1227278150,12/02/2019,17372756997,FINANCIAL,"","Boskruin Village Hardw Bromhof (Card 8018)",99.98,,"BOSKRUIN VILLAGE HARDW BROMHOF      ZAZA",23973.83
1227278150,12/02/2019,17372794097,FINANCIAL,"","Caltex Randburg (Card 8018)",29.50,,"CALTEX RABIE           RANDBURG     ZAZA",23944.33
1227278150,12/02/2019,17374539547,FINANCIAL,"","Pick n Pay Randburg (Card 8018)",434.47,,"PNP FRAN RANDBURG WATE RANDBURG     ZAZA",23509.86
1227278150,12/02/2019,17374539633,FINANCIAL,"","Pick n Pay Randburg (Card 8018)",79.90,,"PNP FRAN RANDBURG WATE RANDBURG     ZAZA",23429.96
1227278150,12/02/2019,17375056232,FINANCIAL,"","Randpark Ridge Vet H Randparkridge (Card 8018)",725.47,,"RANDPARK RIDGE VET H   RANDPARKRIDGE  ZA",22704.49
1227278150,12/02/2019,17376875036,FINANCIAL,"","Total Johannesburg (Card 8018)",31.90,,"TOTAL RA WATERFRONT    JOHANNESBURG GPZA",22672.59
1227278150,12/02/2019,17376899149,FINANCIAL,"","Country Fruit/veg Johannesburg (Card 8018)",53.80,,"COUNTRY FRUIT/VEG      JOHANNESBURG GPZA",22618.79
1227278150,12/02/2019,17376969588,FINANCIAL,"","Country Fruit/veg Johannesburg (Card 8018)",75.70,,"COUNTRY FRUIT/VEG      JOHANNESBURG GPZA",22543.09
1227278150,12/02/2019,17377139626,FINANCIAL,"","Roco Mama's Randburg (Card 8018)",100.00,,"ROCO MAMA'S            RANDBURG     GPZA",22443.09
1227278150,12/02/2019,17383144563,FINANCIAL,"","SMS Notification Fee",0.40,,"",22442.69
1227278150,13/02/2019,17386378821,FINANCIAL,"","Country Fruit/veg Johannesburg (Card 8018)",160.00,,"COUNTRY FRUIT/VEG      JOHANNESBURG GPZA",22282.69
1227278150,13/02/2019,17391713215,FINANCIAL,"","Banking App Transfer to 1235391556 Claire Louise S",250.00,,"CLAIRE LOUISE S",22032.69
1227278150,13/02/2019,17391713220,FINANCIAL,"","Payment Fee (Capitec to Capitec)",1.60,,"",22031.09
1227278150,13/02/2019,17391713265,FINANCIAL,"","SMS Notification Fee",0.40,,"",22030.69
1227278150,13/02/2019,17392870283,FINANCIAL,"","SMS Notification Fee",0.80,,"",22029.89
1227278150,14/02/2019,17402856090,FINANCIAL,"","SMS Notification Fee",0.80,,"",22029.09
1227278150,15/02/2019,17406428922,FINANCIAL,"","Sportsmans Warehouse Blackheath (Card 8018)",139.80,,"SPORTSMANS WAREHOUSE C BLACKHEATH   ZAZA",21889.29
1227278150,15/02/2019,17408553589,FINANCIAL,"","Country Fruit/veg Johannesburg (Card 8018)",91.60,,"COUNTRY FRUIT/VEG      JOHANNESBURG GPZA",21797.69
1227278150,15/02/2019,17408689731,FINANCIAL,"","Superspar Blackheath (Card 8018)",318.45,,"SUPERSPAR BLACKHE      BLACKHEATH   ZAZA",21479.24
1227278150,15/02/2019,17421897534,FINANCIAL,"","SMS Notification Fee",0.40,,"",21478.84
1227278150,16/02/2019,17425423077,FINANCIAL,"","Online Purchase: Webtickets Rondebosch (Card 8018)",210.00,,"Webtickets             RONDEBOSCH     ZA",21268.84
1227278150,16/02/2019,17434309433,FINANCIAL,"","SMS Notification Fee",0.80,,"",21268.04
1227278150,17/02/2019,17437432206,FINANCIAL,"","Country Fruit/veg Johannesburg (Card 8018)",12.00,,"COUNTRY FRUIT/VEG      JOHANNESBURG GPZA",21256.04
1227278150,17/02/2019,17442685758,FINANCIAL,"","SMS Notification Fee",0.40,,"",21255.64
1227278150,18/02/2019,17446917619,FINANCIAL,"","Engen Johannesburg (Card 8018)",378.79,,"ENGEN STONAGE CONV CNT JOHANNESBURG GPZA",20876.85
1227278150,18/02/2019,17447622284,FINANCIAL,"","Pep Stores Randburg (Card 8018)",445.94,,"PEP 6120 RANDBURG HE   RANDBURG     ZAZA",20430.91
1227278150,18/02/2019,17447765464,FINANCIAL,"","Simply Asia Boskruin (Card 8018)",414.00,,"SIMPLY ASIA BOSKRUIN   BOSKRUIN     ZAZA",20016.91
1227278150,18/02/2019,17451043513,FINANCIAL,"","ATM Cash Withdrawal Fnb Ssc Atm (Card 8018)",1000.00,,"FNB SSC ATM            RANDBURG     SAZA",19016.91
1227278150,18/02/2019,17451043514,FINANCIAL,"","Cash Withdrawal Fee (ATM)",8.83,,"",19008.08
1227278150,18/02/2019,17454734109,FINANCIAL,"","SMS Notification Fee",0.80,,"",19007.28
1227278150,19/02/2019,17458799459,FINANCIAL,"","Country Fruit/veg Johannesburg (Card 8018)",236.50,,"COUNTRY FRUIT/VEG      JOHANNESBURG GPZA",18770.78
1227278150,19/02/2019,17459235557,FINANCIAL,"","Ster Kinekor Johannesburg (Card 8018)",204.00,,"STER KINEKOR THE 42840 JOHANNESBURG GPZA",18566.78
1227278150,19/02/2019,17459535420,FINANCIAL,"","Dis-Chem Gauteng North (Card 8018)",47.45,,"DIS-CHEM VERDI CENTRE  GAUTENG NORTHZAZA",18519.33
1227278150,20/02/2019,17467936445,FINANCIAL,"","Caltex Randburg (Card 8018)",41.98,,"CALTEX RABIE           RANDBURG     ZAZA",18477.35
1227278150,20/02/2019,17476330164,FINANCIAL,"","SMS Notification Fee",0.40,,"",18476.95
1227278150,21/02/2019,17479247177,FINANCIAL,"","Country Fruit/veg Johannesburg (Card 8018)",135.70,,"COUNTRY FRUIT/VEG      JOHANNESBURG GPZA",18341.25
1227278150,21/02/2019,17487513444,FINANCIAL,"","SMS Notification Fee",0.40,,"",18340.85
1227278150,22/02/2019,17492264594,FINANCIAL,"","Pick n Pay Randburg (Card 8018)",171.37,,"PNP FRAN RANDBURG WATE RANDBURG     ZAZA",18169.48
1227278150,22/02/2019,17500885857,FINANCIAL,"","Payment Received: Salary Wages Transfer 1464705990",,64438.34,"SALARY WAGES                  TRANSFER  1464705990",82607.82
1227278150,22/02/2019,17503579729,FINANCIAL,"","SMS Notification Fee",0.80,,"",82607.02
1227278150,23/02/2019,17507839422,FINANCIAL,"","Country Fruit/veg Johannesburg (Card 8018)",214.70,,"COUNTRY FRUIT/VEG      JOHANNESBURG GPZA",82392.32
1227278150,23/02/2019,17508533028,FINANCIAL,"","Crazy Store Pretoria (Card 8018)",99.96,,"CRAZY STORE OH RANDBUR PRETORIA     ZAZA",82292.36
1227278150,24/02/2019,17526217391,FINANCIAL,"","SMS Notification Fee",0.80,,"",82291.56
1227278150,25/02/2019,17528105254,FINANCIAL,"","ATM Cash Withdrawal Absa Hobart Grove (Card 8018)",1000.00,,"ABSA HOBART GROVE      SANDTON        ZA",81291.56
1227278150,25/02/2019,17528105260,FINANCIAL,"","Cash Withdrawal Fee (ATM)",8.83,,"",81282.73
1227278150,25/02/2019,17528105369,FINANCIAL,"","Banking App Payment Ronford Financial",690.00,,"RONFORD FINANCIAL",80592.73
1227278150,25/02/2019,17528105380,FINANCIAL,"","Payment Fee",1.60,,"",80591.13
1227278150,25/02/2019,17528105429,FINANCIAL,"","Banking App Payment Might Wings Life Cen",580.00,,"MIGHT WINGS LIFE CEN",80011.13
1227278150,25/02/2019,17528105433,FINANCIAL,"","Payment Fee",1.60,,"",80009.53
1227278150,25/02/2019,17545655872,FINANCIAL,"","SMS Notification Fee",1.60,,"",80007.93
1227278150,26/02/2019,17549900986,FINANCIAL,"","Caltex Randburg (Card 8018)",35.49,,"CALTEX RABIE           RANDBURG     ZAZA",79972.44
1227278150,26/02/2019,17553537132,FINANCIAL,"","Lindt - Cresta - Mf Cr Cresta (Card 8018)",181.80,,"LINDT - CRESTA - MF CR CRESTA         ZA",79790.64
1227278150,26/02/2019,17555872684,FINANCIAL,"","Country Fruit/veg Johannesburg (Card 8018)",155.60,,"COUNTRY FRUIT/VEG      JOHANNESBURG GPZA",79635.04
1227278150,26/02/2019,17556602444,FINANCIAL,"","Spur Johannesburg (Card 8018)",589.80,,"WILD FALCON SPUR       JOHANNESBURG GPZA",79045.24
1227278150,27/02/2019,17570410510,FINANCIAL,"","Caltex Randburg (Card 8018)",29.50,,"CALTEX RABIE           RANDBURG     ZAZA",79015.74
1227278150,27/02/2019,17572800536,FINANCIAL,"","Add On Security Cresta (Card 8018)",80.00,,"ADD ON SECURITY        CRESTA         ZA",78935.74
1227278150,27/02/2019,17584489064,FINANCIAL,"","SMS Notification Fee",0.40,,"",78935.34
1227278150,28/02/2019,17590608408,FINANCIAL,"","Pep Stores Randburg (Card 8018)",89.98,,"PEP 6120 RANDBURG HE   RANDBURG     ZAZA",78845.36
1227278150,28/02/2019,17592076240,FINANCIAL,"","Budget Ins 778057243 Mar Prem Ins Prem 1473860539",688.71,,"BUDGET INS 778057243 MAR PREM INS PREM  1473860539",78156.65
1227278150,28/02/2019,17592076251,FINANCIAL,"","Debit Order Fee",3.73,,"",78152.92
1227278150,28/02/2019,17592076316,FINANCIAL,"","Vodacom 0307860487 Qc199330 Transfer 1470399648",234.83,,"VODACOM 0307860487 QC199330   TRANSFER  1470399648",77918.09
1227278150,28/02/2019,17592076322,FINANCIAL,"","Debit Order Fee",3.73,,"",77914.36
1227278150,28/02/2019,17593431947,FINANCIAL,"","Country Fruit/veg Johannesburg (Card 8018)",119.90,,"COUNTRY FRUIT/VEG      JOHANNESBURG GPZA",77794.46
1227278150,28/02/2019,17606774773,FINANCIAL,"","Internet Banking Payment Montessori",6700.00,,"MONTESSORI",71094.46
1227278150,28/02/2019,17606774774,FINANCIAL,"","Payment Fee",1.60,,"",71092.86
1227278150,28/02/2019,17606845126,FINANCIAL,"","Internet Banking Payment P.j. Hartmeier",4500.00,,"P.J. HARTMEIER",66592.86
1227278150,28/02/2019,17606845130,FINANCIAL,"","Payment Fee",1.60,,"",66591.26
1227278150,28/02/2019,17606931608,FINANCIAL,"","Internet Banking Payment Fnbhomeloan",10000.00,,"FNBHOMELOAN",56591.26
1227278150,28/02/2019,17606931611,FINANCIAL,"","Payment Fee",1.60,,"",56589.66
1227278150,28/02/2019,17608656482,FINANCIAL,"","Fnb H Loan 00003000013811074bond Repay1475703220",14904.18,,"FNB H LOAN   00003000013811074BOND REPAY1475703220",41685.48
1227278150,28/02/2019,17608656487,FINANCIAL,"","Debit Order Fee",3.73,,"",41681.75
1227278150,28/02/2019,17617294180,FINANCIAL,"","Interest Received",,151.96,"",41833.71
1227278150,28/02/2019,17617294181,FINANCIAL,"","SMS Notification Fee",2.40,,"",41831.31
1227278150,28/02/2019,17617294182,FINANCIAL,"","Monthly Account Admin Fee",5.80,,"",41825.51
1227278150,01/03/2019,17659002754,FINANCIAL,"","Payment Received: Absa Bank Tim Rent Transfer 1479078643",,1800.00,"ABSA BANK TIM RENT            TRANSFER  1479078643",43625.51
1227278150,01/03/2019,17664343043,FINANCIAL,"","Adt Jhb 2103355799adt3047615acc Repay 1472402318",603.04,,"ADT JHB   2103355799ADT3047615ACC REPAY 1472402318",43022.47
1227278150,01/03/2019,17664343052,FINANCIAL,"","Debit Order Fee",3.50,,"",43018.97
1227278150,01/03/2019,17664343133,FINANCIAL,"","Liblife 01mar59009635400c/pins Prem 1473131060",449.47,,"LIBLIFE    01MAR59009635400C/PINS PREM  1473131060",42569.50
1227278150,01/03/2019,17664343138,FINANCIAL,"","Debit Order Fee",3.50,,"",42566.00
1227278150,01/03/2019,17664343213,FINANCIAL,"","Outsurance Ot24363917 3752whins Prem 1478748444",1973.84,,"OUTSURANCE OT24363917   3752WHINS PREM  1478748444",40592.16
1227278150,01/03/2019,17664343217,FINANCIAL,"","Debit Order Fee",3.50,,"",40588.66
1227278150,01/03/2019,17664343280,FINANCIAL,"","Liberty050 0024624865 52657ins Prem 1473093734",1767.09,,"LIBERTY050 0024624865    52657INS PREM  1473093734",38821.57
1227278150,01/03/2019,17664343287,FINANCIAL,"","Debit Order Fee",3.50,,"",38818.07
1227278150,01/03/2019,17668109986,FINANCIAL,"","SMS Notification Fee",2.80,,"",38815.27
1227278150,02/03/2019,17689928832,FINANCIAL,"","SMS Notification Fee",0.80,,"",38814.47
1227278150,03/03/2019,17694493580,FINANCIAL,"","Boskruin Village Hardw Bromhof (Card 8018)",269.96,,"BOSKRUIN VILLAGE HARDW BROMHOF      ZAZA",38544.51
1227278150,03/03/2019,17702736231,FINANCIAL,"","SMS Notification Fee",0.40,,"",38544.11
1227278150,04/03/2019,17708942877,FINANCIAL,"","Cat Box Fontainebleau (Card 8018)",414.00,,"CAT BOX PET HYPER      FONTAINEBLEAUZAZA",38130.11
1227278150,04/03/2019,17709261980,FINANCIAL,"","Simply Asia Boskruin (Card 8018)",679.00,,"SIMPLY ASIA BOSKRUIN   BOSKRUIN     ZAZA",37451.11
1227278150,04/03/2019,17717214803,FINANCIAL,"","Payment Received: Robynn Rent Transfer 1480657593",,3500.00,"ROBYNN RENT                   TRANSFER  1480657593",40951.11
1227278150,04/03/2019,17719463295,FINANCIAL,"","SMS Notification Fee",0.40,,"",40950.71
1227278150,05/03/2019,17723171215,FINANCIAL,"","Country Fruit/veg Johannesburg (Card 8018)",179.80,,"COUNTRY FRUIT/VEG      JOHANNESBURG GPZA",40770.91
1227278150,05/03/2019,17724027967,FINANCIAL,"","Pick n Pay Blackheath (Card 8018)",94.99,,"PNP CRP BLACKHEATH     BLACKHEATH   ZAZA",40675.92
1227278150,05/03/2019,17726562144,FINANCIAL,"","Clicks Blackheath (Card 8018)",79.99,,"Clicks Cresta          BLACKHEATH     ZA",40595.93
1227278150,05/03/2019,17735787492,FINANCIAL,"","Stanlib N32708394c0000718190transfer 1481176110",250.00,,"STANLIB   N32708394C0000718190TRANSFER  1481176110",40345.93
1227278150,05/03/2019,17735787497,FINANCIAL,"","Debit Order Fee",3.50,,"",40342.43
1227278150,05/03/2019,17737332469,FINANCIAL,"","SMS Notification Fee",0.80,,"",40341.63
1227278150,06/03/2019,17739354253,FINANCIAL,"","Internet Banking Payment Takealot Online",859.00,,"TAKEALOT ONLINE",39482.63
1227278150,06/03/2019,17739354256,FINANCIAL,"","Payment Fee",1.00,,"",39481.63
1227278150,06/03/2019,17740239970,FINANCIAL,"","Caltex Randburg (Card 8018)",49.99,,"CALTEX RABIE           RANDBURG     ZAZA",39431.64
1227278150,06/03/2019,17740310405,FINANCIAL,"","Caltex Randburg (Card 8018)",400.01,,"CALTEX RABIE           RANDBURG     ZAZA",39031.63
1227278150,06/03/2019,17750973007,FINANCIAL,"","SMS Notification Fee",0.40,,"",39031.23
1227278150,07/03/2019,17752927720,FINANCIAL,"","Internet Banking Payment City Ojoburgf Johann",2912.78,,"CITY OJOBURGF JOHANN",36118.45
1227278150,07/03/2019,17752927727,FINANCIAL,"","Payment Fee",1.00,,"",36117.45
